2702 4124
529 305 721 360 ...33-

132 467 233 530 cavet,
257 479 291 518 ne
317 463 362 516 cui
385 462 534 534 mythicam
558 479 615 518 rem
639 479 689 533 pro
722 467 862 532 comperta
887 462 989 518 habere
1017 462 1112 518 libeat.

132 538 266 593 Pluribus
286 549 377 594 autem
397 539 425 592 id
446 556 528 610 agere
549 556 671 609 possem,
697 538 811 610 prolatis
832 539 964 595 similibus
985 539 1114 609 exemplis

133 615 306 684 fabularum,
327 628 358 669 ut
384 616 492 670 celebre
513 633 610 670 nomen
631 615 727 670 Cadmi
752 622 853 670 temere
877 616 913 670 ad
938 616 1114 672 Phoenicium

133 692 321 747 inventionem
342 693 495 747 traductum
515 709 667 762 arguerem.
713 691 768 746 Sed
796 691 862 761 quid
884 692 938 746 hoc
957 697 1051 747 nostra
1071 709 1113 747 re·

133 767 211 823 fert?
255 768 295 823 Ut
320 767 437 822 Cadmus
464 769 596 824 invexerit
621 768 739 836 litteras,
770 773 800 822 ut
828 768 953 823 barbaris
979 770 1113 824 Boeotiae

133 845 272 914 stupende
285 853 399 899 martem
415 844 578 915 ostenderit;
599 845 766 900 docilitatem
779 845 910 914 largimur
924 844 957 897 iis
972 853 999 899 et
1012 845 1112 900 otium:

135 922 263 991 quamvis
284 921 440 991 Amphion,
461 922 567 992 integro
588 921 696 974 saeculo
722 921 871 991 posterior,
899 921 946 992 qui
965 921 1114 978 Thebanae

133 997 194 1052 eroi
214 997 399 1053 aedificandae
425 998 530 1067 lapides
556 1004 636 1052 cantu
663 998 781 1052 movisse
808 997 903 1066 fertur,
928 996 1019 1051 edicto
1041 1014 1113 1052 com·

132 1073 244 1128 modius
274 1075 410 1144 potuisset
430 1075 503 1128 cives
525 1090 646 1139 monere,
674 1080 704 1127 ut
732 1073 837 1143 lapides
861 1079 1037 1144 aggererent:
1065 1074 1114 1128 sed

133 1156 168 1204 ut
189 1151 271 1220 pauci
294 1167 442 1220 paucorum
461 1151 552 1222 gratia
577 1151 605 1204 in
631 1150 775 1204 scribendo
802 1150 858 1204 iarn
885 1156 942 1203 tum
962 1149 1114 1219 periculum

132 1226 259 1296 fecerint,
280 1229 324 1280 vel
345 1227 475 1281 brevibus
500 1227 624 1282 versibus
650 1233 677 1280 et
703 1227 904 1297 epigrammatis
924 1243 1001 1294 aera,
1027 1243 1114 1296 nuper

137 1302 252 1356 conflari
273 1309 386 1373 coepta,
412 1304 592 1373 signaverint3
619 1321 700 1372 quam
726 1304 808 1373 longe
832 1303 901 1358 haec
926 1303 1001 1356 rudis
1029 1318 1114 1373 opera

132 1379 172 1434 ab
201 1380 327 1447 expedito
353 1396 405 1433 nau
430 1387 457 1434 et
482 1380 611 1437 facultate
636 1380 703 1434 artis
730 1379 882 1450 discrepet,
912 1379 1028 1450 quisque
1055 1379 1113 1434 sine

132 1455 321 1510 admonitione
340 1462 435 1512 nostra
454 1457 591 1527 intelligit.
914 1509 915 1516 ,

214 1531 302 1601 MagIs
326 1538 419 1587 eutem
444 1533 615 1588 Herodotum
647 1534 730 1586 miror
756 1534 784 1586 in
811 1549 860 1600 eo,
887 1531 960 1602 quod
988 1533 1041 1588 tria
1065 1533 1114 1588 illa

135 1609 342 1679 epigrammata,
370 1627 439 1678 quae
460 1611 560 1664 ibidem
590 1627 624 1664 cx
642 1609 824 1664 anathematis
844 1609 955 1664 Ismenii
975 1608 1113 1679 Apollinis

134 1684 212 1756 apud
233 1684 381 1738 Thebanos
408 1686 638 1756 transcripsit¹⁸),
669 1687 790 1756 proxime
820 1685 856 1740 ad
878 1683 974 1740 Cadmi
994 1691 1113 1740 aetatem

132 1760 268 1828 retrudit,
295 1767 323 1815 et
341 1761 461 1817 Homero
488 1764 575 1818 tribus
598 1771 750 1834 quatuorve
776 1763 893 1818 saeculis
919 1763 1012 1831 priora
1036 1762 1112 1819 facit.

132 1838 306 1907 Acceperat,
335 1840 444 1908 opinor,
472 1841 511 1893 ite
537 1858 554 1895 a
580 1839 823 1906 monstratoribus;
857 1837 940 1892 refert
967 1854 1001 1891 ex
1026 1855 1112 1907 mors,

133 1915 210 1986 quod
231 1924 388 1985 acceperat,
412 1924 442 1970 ct
460 1917 590 1971 inusitata
610 1917 697 1970 forma
716 1916 869 1969 litterarum
894 1914 997 1968 fecerat
1017 1914 1112 1970 fidem:

133 2008 186 2046 neo
209 1992 319 2061 ingenia
339 1992 387 2045 illo
409 2000 531 2062 tempore
552 1994 666 2048 subacta
687 1999 762 2046 erant
781 1991 879 2045 harum
892 2007 982 2044 rerum
1001 1990 1112 2044 iudicio.

134 2067 192 2124 Sed
219 2067 293 2137 quod
318 2084 352 2121 ne
378 2068 462 2123 hodie
488 2070 599 2139 quidam
625 2070 671 2123 ille
696 2069 771 2122 fraus
797 2085 892 2122 corum
911 2067 961 2120 ulli
981 2067 1113 2136 suspicio-

135 2161 201 2199 nem
220 2144 314 2210 movit,
337 2149 382 2214 qui
403 2146 534 2216 cuiusque
560 2147 658 2202 aetatis
680 2146 829 2199 orationem
855 2144 953 2198 subtili
979 2151 1037 2198 arte
1059 2144 1112 2198 dis·

131 2221 259 2291 tinguere
274 2230 444 2290 consuerant,
465 2224 485 2275 it
499 2223 566 2278 satis
579 2223 670 2277 mirari
684 2238 800 2292 nequeo.
840 2221 911 2277 Nam
927 2220 1015 2275 aerius
1036 2220 1111 2288 mihi,

133 2313 249 2368 quaeso,
269 2297 387 2352 animum
406 2299 515 2352 intends
535 2299 571 2353 ad
590 2300 699 2353 illorum
718 2315 848 2352 versuum
864 2314 969 2364 sonum,
993 2313 1113 2366 eumque

134 2390 266 2443 compara
292 2391 352 2426 cum
378 2376 515 2444 Homer03
548 2383 595 2430 aut
623 2375 693 2430 nihil
724 2375 751 2428 in
778 2373 905 2443 Orphieis
930 2372 1113 2427 adulterinum

132 2450 267 2519 reperies,
287 2456 336 2504 aut
355 2451 416 2505 illos
437 2451 472 2506 ed
496 2452 635 2508 Homerici
655 2451 683 2506 h.
704 2468 728 2506 e.
750 2450 871 2504 cultioris
898 2449 985 2504 Ionici
1010 2466 1110 2503 sermo·

135 2525 179 2580 nis
200 2525 378 2581 imitationem
397 2528 486 2582 iactos
507 2546 575 2597 esse,
594 2536 621 2584 et
642 2529 677 2584 ab
697 2529 759 2596 ista,
781 2543 851 2599 quae
864 2526 959 2594 fertur,
974 2530 1113 2579 vetustate

206 2705 237 2771 ¹⁸)
257 2707 393 2758 Sublicium
412 2721 450 2766 ea,
469 2712 506 2764 ut,
526 2705 587 2770 quid
606 2705 693 2766 velim,
712 2721 743 2754 ex
759 2704 807 2753 hac
824 2704 920 2769 pagina
938 2707 1073 2768 appareat:

226 2775 246 2828 I.
262 2771 427 2840 Ἀμφιτρύων
445 2769 475 2833 μ’
496 2771 644 2840 ἀνέθηκεν,
662 2772 709 2822 ἰὼν
729 2770 781 2821 ἀπὸ
802 2765 825 2820 Τ
840 2768 973 2833 λεβοάων.

213 2843 247 2896 Π.
265 2839 363 2901 Σκαιὸς
380 2841 545 2910 πυγμαχέων
563 2858 599 2902 με
617 2789 899 2908 ἑκηβόλωἎπόᾸηλωνι

266 2911 378 2979 νικήσας
394 2907 511 2975 ἀνέθηκε
529 2903 585 2958 τεῒν
605 2889 766 2977 περικαλλὲς
784 2903 901 2972 ἄγαλμα.

203 2979 248 3030 ΙΠ.
267 2978 413 3040 Λαοδάμας
430 2974 540 3045 τρίποδ’
561 2975 642 3027 αὐτὸν
662 2975 785 3042 ἐϋσκόπῳ
801 2972 950 3026 Ἀπόλλωνι

264 3046 441 3116 μουναρχέων
461 3043 578 3114 ἀνέθηκε
597 3041 653 3094 τεῒν
674 3040 833 3111 περικαλλὲς
851 3038 966 3108 ἄγαλμα.

236 3116 264 3166 In
285 3119 365 3182 primo
384 3132 455 3165 versu
480 3132 525 3179 pro
551 3114 620 3179 vulg.
646 3111 698 3162 ἐών
717 3113 819 3178 reposui
838 3127 895 3161 cum
913 3108 1045 3159 nonnullis
1064 3106 1112 3156 ἰών

132 3183 150 3234 i.
161 3201 184 3234 e.
202 3181 291 3234 ἀνιών.
329 3183 425 3234 Ceteris
444 3183 594 3232 coniecturis
613 3181 653 3232 vix
669 3180 740 3231 locus
765 3188 818 3238 est;
844 3180 949 3228 minime
972 3178 1010 3237 ai,
1035 3192 1112 3240 quam

131 3261 190 3318 post
214 3253 357 3302 BentleIum
381 3267 462 3316 nuper
487 3251 573 3316 plures
596 3248 723 3311 fecerunt,
748 3245 865 3314 ἀνέθηκε
892 3244 967 3297 νέων.
994 3243 1033 3309 [ut
1055 3242 1112 3292 Don

129 3319 246 3370 Mariano
258 3320 432 3386 Velguarnera
450 3327 510 3368 autc
527 3317 611 3384 Bergl.
631 3327 656 3368 ct
673 3316 756 3366 Wess.
774 3314 834 3365 dell'
847 3314 944 3378 origine
955 3312 987 3362 ed
1001 3309 1112 3360 antichi-

131 3389 160 3440 td
172 3389 198 3438 di
211 3387 326 3439 Palermo
339 3397 363 3438 et
373 3387 482 3438 Thomas
493 3385 617 3436 Perellius
629 3403 668 3452 ap.
679 3383 814 3442 Villoisou,
824 3381 913 3434 anecd.
924 3381 967 3431 (lr.
980 3380 995 3431 2
1006 3395 1030 3445 p.
1041 3376 1113 3442 129]

129 3459 217 3511 Dandi
230 3458 338 3524 primum
355 3466 426 3506 erunt
445 3463 560 3505 auctores
577 3454 653 3504 huius
671 3453 766 3502 formae
784 3453 884 3501 activae
902 3453 1002 3515 praeter
1020 3446 1111 3497 Gram-

131 3531 239 3580 maticos
258 3527 381 3593 quosdam
400 3533 424 3574 et
442 3530 588 3588 corruptum
606 3538 705 3573 versum
723 3521 817 3586 Hymn.
836 3517 912 3570 Hom.
930 3514 957 3565 in
975 3515 1033 3566 Ger.
1053 3513 1114 3568 395.

182 3612 271 3663 Wolf,
285 3613 454 3660 Prolegomeus.
945 3582 958 3622 ³
