2702 4124
517 326 706 380 ...29-

127 509 261 572 tenquem
281 500 373 572 primis
393 499 562 571 temporibus
582 500 698 571 scripte:
717 499 761 554 cui
780 499 907 555 freudiin
918 499 965 557 ille
993 497 1101 567 ἀκρισίᾳ

127 585 253 634 veterum
273 578 355 634 etiem
369 576 520 632 doctissimi
541 576 664 631 homines
684 593 744 632 sese
764 576 859 632 seciles
879 575 1101 648 praebebantss).

127 653 212 710 Adeo
231 653 299 708 nihil
324 661 366 710 est
389 653 417 708 in
437 653 494 708 his.
521 654 596 723 quod
616 653 733 708 colorari
758 670 812 708 nou
837 655 924 724 possit
942 654 1102 710 ratiunculis

126 731 296 803 puibusdem
316 738 344 786 et
363 730 512 786 simulscris
525 729 737 800 probabilitatis,
757 729 874 784 simodo
888 737 1042 802 temporum
1061 748 1102 786 ra·

128 809 220 863 tiones
241 814 269 862 et
289 813 429 862 auctorem
441 807 524 861 fidem
536 807 573 862 sd
592 806 699 862 libitum
720 811 748 862 et
760 805 896 876 ingreium
915 813 993 863 tuum
1006 808 1102 878 finges.

128 885 238 939 Mrem
257 891 303 951 eet,
323 883 411 954 inquit
430 883 555 952 Plinius,
583 901 635 952 quo
657 883 788 954 procedet
809 883 915 938 Gracm
941 885 1102 939 credulitas:

127 963 235 1016 nullum
254 967 310 1016 tam
328 961 468 1032 impudens
487 959 654 1015 mendacium
674 965 723 1029 est,
742 960 815 1030 quod
832 967 895 1014 teste
913 968 1012 1016 correct.

562 1133 667 1210 XIV.

206 1293 271 1350 Nou
290 1295 382 1364 placet
401 1295 515 1350 historie
536 1293 591 1351 lteli
615 1295 699 1351 modo
719 1296 856 1351 ementito.
903 1295 991 1366 Igitur
1014 1293 1105 1349 mitte-

134 1389 196 1426 mus
209 1371 271 1426 selsi
285 1371 422 1427 Herodoti
436 1371 588 1442 Phemium
608 1371 726 1426 Diodori
746 1379 774 1427 et
794 1373 908 1428 eliorum
921 1369 1106 1441 Pronepiden‚

131 1448 334 1503 commentitios
359 1448 473 1503 Homeri
498 1444 845 1514 rpeuuerodroaerdloor,
863 1466 924 1504 cum
950 1447 1022 1502 ludis
1049 1447 1106 1502 suis

129 1525 281 1596 librisque,
308 1531 337 1581 et
362 1541 395 1582 ee
414 1541 619 1596 expromsmus,
646 1542 719 1596 ques
745 1543 796 1581 nos
815 1526 954 1582 adducent
973 1530 1001 1580 et
1020 1539 1107 1594 prope

201 1718 232 1785 ¹²)
250 1720 352 1787 Loquor
365 1720 529 1786 potissimum
545 1720 577 1771 de
593 1722 750 1788 temporibus
768 1721 863 1773 liberte
874 1721 1008 1780 Greeeiee,
1027 1735 1107 1786 quum

129 1789 209 1855 longe
226 1788 277 1840 elie
295 1788 437 1839 studiorum
455 1787 566 1840 conditio
583 1797 667 1851 esset,
691 1805 767 1856 quem
790 1804 857 1855 queo
875 1788 967 1840 deinde
983 1787 1108 1839 suecessit

128 1857 239 1908 inducte
255 1853 426 1924 πολυμαθείᾳ
442 1854 621 1908 Alexandrinis.
657 1857 699 1908 Illi
716 1857 867 1924 superiores,
885 1857 912 1907 in
928 1856 991 1916 foro,
1009 1871 1063 1906 non
1082 1855 1109 1906 iu

130 1925 237 1977 secretis
257 1924 382 1976 littereriis
404 1925 528 1985 viventes,
558 1924 680 1977 fulsurum
703 1925 846 1978 tebelerum
869 1933 893 1975 et
920 1926 1110 1991 suppositorum

128 2000 339 2046 testamentorum
355 1992 486 2044 imudibes
504 1993 639 2044 otomatis
657 1993 842 2061 occupatissimi
859 2005 945 2054 emet,
963 1992 1110 2058 supposito·
1181 2041 1182 2045 ,

129 2079 187 2114 rum
204 2061 326 2113 librorum
344 2077 430 2112 eurem
446 2062 500 2112 fere
516 2062 672 2114 omittebent.
708 2063 774 2113 Nem
798 2078 863 2128 quse
886 2078 919 2113 ex
943 2062 991 2112 hoc
1013 2075 1110 2128 genere

128 2129 278 2197 prodierunt
301 2129 412 2196 scripte,
440 2129 466 2179 in
488 2129 520 2180 iis
542 2147 595 2181 non
618 2138 669 2180 tem
691 2130 758 2182 illud
780 2131 947 2196 queerebeut,
974 2147 1006 2180 en
1023 2145 1111 2190 eorum

130 2207 227 2257 esseut,
245 2197 336 2263 quibus
353 2197 429 2262 vulgo
447 2199 625 2258 tribuerentur,
643 2216 719 2266 quem
737 2199 800 2266 quid
811 2199 876 2251 utile
887 2208 913 2249 et
924 2198 993 2250 lectu
1005 2197 1111 2264 dignum

130 2265 235 2318 ferrent.
269 2266 305 2318 Ut
327 2265 494 2317 Demostheni
519 2265 588 2318 Oret
612 2267 632 2320 I.
650 2269 677 2318 in
696 2268 822 2334 Aristog„
847 2269 870 2318 si
892 2277 976 2318 temen
995 2264 1041 2316 ille
1058 2263 1110 2314 De-

131 2335 275 2387 mosthenis
293 2344 341 2394 est,
359 2333 513 2384 sententium
532 2335 658 2401 quendem
676 2337 778 2387 nomine
796 2334 894 2401 Orphei
912 2335 1024 2386 excitere
1048 2333 1112 2384 licui

130 2419 165 2454 ex
189 2401 304 2470 Hymno.
327 2403 371 2469 qui
395 2400 503 2453 fortesss
525 2403 624 2454 duobus
648 2405 757 2456 saeculis
781 2403 870 2469 [immo
893 2403 971 2470 triplo
996 2400 1113 2468 pluribus

131 2478 198 2537 post.
215 2469 321 2521 Lobecls
338 2471 398 2536 Agl.
418 2472 431 2523 l
451 2487 477 2536 p.
494 2469 566 2538 397]
588 2479 645 2522 ente
663 2489 691 2523 se
709 2473 818 2538 scriptus
835 2481 897 2523 eret.
928 2473 1017 2538 lteque
1034 2468 1110 2519 Cice·

130 2539 188 2590 roni
205 2547 232 2590 et
249 2539 315 2598 eliis,
334 2557 412 2605 quum
430 2548 544 2590 veterum
562 2539 682 2591 librorum
699 2549 816 2592 suctores
834 2540 973 2600 nominent,
992 2554 1044 2588 nou
1057 2546 1113 2586 ten-

133 2617 187 2660 tum
204 2607 366 2658 tribuendum
378 2617 426 2666 est,
444 2616 567 2674 questum
579 2608 696 2674 plerique
708 2616 854 2660 nostrorum
865 2608 996 2658 hominurn
1008 2607 1113 2672 fuciunt,

134 2676 184 2727 nisi
202 2677 248 2727 ubi
265 2674 307 2726 illi
324 2691 378 2726 rem
395 2683 513 2726 eccurete
530 2691 559 2726 se
577 2677 722 2743 explorasse
745 2686 789 2728 eut
812 2677 943 2744 sepeciem
961 2674 1115 2726 criticorum

134 2745 229 2796 iudicis
246 2745 321 2811 sequi
339 2741 474 2796 affirment.
510 2744 594 2806 Quem
611 2745 705 2797 leviter
728 2753 813 2796 eutem
836 2745 884 2795 hoe
907 2760 982 2795 omne
999 2759 1115 2810 gouuse

134 2814 292 2865 doctissimis
309 2812 371 2863 viris
389 2811 451 2862 olim
469 2820 615 2874 treetetum,
634 2823 662 2865 et
680 2824 806 2880 quentnm
823 2813 851 2862 in
867 2812 998 2865 facillimis
1022 2813 1113 2864 huius-

136 2882 205 2933 modi
228 2882 418 2949 queestionibus
443 2891 555 2932 erretum
573 2882 620 2944 sit,
645 2882 759 2948 ipsorum
782 2890 892 2933 veterum
914 2881 1000 2948 plures
1023 2882 1115 2932 indes

135 2951 258 3017 Dionysio
275 2949 357 3001 Helie.
377 2950 478 3009 docent,
495 2949 636 3017 certiusque
654 2958 779 3002 constaret
801 2949 834 3000 de
856 2966 888 3001 ee
909 2965 945 3009 re,
964 2949 986 2999 si
1005 2947 1116 3005 πίνακες

136 3027 164 3070 et
182 3019 226 3072 elii
243 3018 323 3072 critici
340 3016 425 3068 libelli
441 3017 671 3071 Alexandrinorum
689 3026 859 3086 superessent.
885 3018 1013 3084 liquibus
1024 3017 1114 3068 moniti

136 3089 244 3154 posthac
262 3085 350 3153 optimi
367 3086 501 3152 scriptores
519 3104 595 3154 ssepe
613 3088 780 3141 dubitationes
802 3087 960 3152 interponere
983 3087 1066 3136 solent
1084 3085 1116 3135 de

138 3157 290 3209 eustoritete
306 3154 436 3218 librorum,
455 3171 562 3222 quornm
579 3157 642 3207 locis
660 3167 685 3208 et
701 3153 854 3207 testimoniis
866 3163 978 3205 utuntur.
1004 3153 1058 3205 Sed
1074 3153 1115 3204 fe·
1152 3191 1154 3197 .

137 3226 211 3278 ciunt
227 3225 255 3276 id
270 3223 399 3274 serissime
418 3240 447 3275 ee
464 3241 534 3285 cure,
553 3242 603 3292 que
619 3240 688 3275 nunc
705 3227 732 3276 in
749 3224 790 3274 his
806 3225 882 3274 rebus
900 3238 964 3288 opus
983 3239 1039 3274 esse
1057 3237 1117 3272 cen-

138 3310 234 3346 semus.
272 3291 382 3355 Quidem
407 3293 483 3344 etiem
505 3293 655 3359 simpliciter
677 3301 704 3344 et
731 3291 803 3344 nulle
835 3291 981 3357 suspicione
1006 3290 1116 3340 indicetis

138 3363 251 3429 efferunt
273 3371 369 3412 veteres
391 3359 485 3423 libros,
517 3377 623 3427 quorum
652 3361 753 3412 frendes
782 3359 832 3410 iem
856 3360 952 3410 dudum
976 3357 1117 3424 peteieetee

139 3425 1118 3550 titttititttrttttttt*teqttril‘tttttnt'tit

140 3567 170 3618 in
187 3566 278 3620 iisdem
295 3567 408 3634 scriptis,
425 3575 454 3619 ut
470 3581 566 3619 errores
583 3516 703 3634 vul’giqex
720 3565 847 3618 industrie
865 3530 982 3632 erg’uunt.
1041 3513 1058 3562 q
