2702 4124
582 281 794 358 ,-8-

221 453 290 504 mus,
310 436 450 491 Maaoram
471 439 551 492 etiam
565 436 699 494 Graecam
717 439 862 509 quandam,
883 443 941 494 tum
955 444 1115 508 vestustate,
1135 444 1194 496 tum

221 512 314 568 variae
334 513 492 570 eruditionis
514 515 593 585 copia
612 517 698 571 multo
719 519 957 586 praestantiorem,
978 517 1118 586 multoque
1138 533 1193 571 mo·

221 590 274 643 lius
295 595 437 644 servatam.
478 590 571 662 Atque
591 591 644 646 hac
664 598 794 663 utraque,
823 599 851 647 et
871 591 979 648 Graeca
999 599 1026 647 et
1045 593 1191 659 Hebraica,

220 666 357 738 farragine
378 669 572 738 comparanda,
593 685 665 722 nunc
685 669 793 724 demum
813 670 895 724 altius
916 669 1070 740 perspicere
1089 668 1192 735 licebit,

221 760 239 797 a
259 743 358 812 quibus
377 745 516 815 principiis
537 745 601 798 olim
622 746 708 800 omnis
731 745 884 800 emendatio
905 745 1038 800 librorum
1058 752 1085 800 et
1100 745 1194 799 critica

221 835 265 873 ars
285 819 409 888 profecta
429 821 478 890 sit,
506 838 567 875 cum
588 821 647 876 aliis
668 823 749 877 rebus
769 822 907 892 pluribus,
934 822 1034 892 quibus
1058 822 1193 876 litteratae

220 895 389 965 antiquitatis
410 897 528 968 cognitio
550 897 716 953 continetur:
746 898 790 952 eui
812 898 902 966 studio
928 898 1011 952 etiam
1035 897 1070 952 ad
1095 897 1193 952 intelll-

221 972 339 1042 gendum
358 978 468 1043 potitam
488 991 569 1064 saepe
589 975 651 1044 plus
672 975 809 1040 debemus,
833 991 914 1044 quarn
933 974 978 1028 hic
996 975 1074 1029 locus
1092 974 1193 1044 capiat.

221 1048 304 1137 Quod
324 1051 442 1105 autem
434 1051 556 1120 rnprimis
575 1057 623 1105 not
612 1051 697 1105 tabiis
718 1057 774 1120 eat,
803 1057 831 1105 et
850 1051 963 1105 Venetis
983 1050 1025 1104 his
1046 1049 1126 1104 codd.
1148 1067 1193 1104 ex·

220 1124 313 1178 imium
337 1127 455 1195 pretium
479 1127 570 1196 addit,
601 1129 754 1197 accepimus
781 1128 809 1180 in
834 1127 887 1181 illis
913 1145 1035 1182 normam
1061 1133 1089 1182 et
1115 1125 1193 1204 quasi

220 1202 357 1270 amussim,
378 1204 412 1257 ad
434 1220 515 1273 quam
535 1203 660 1258 codicum
678 1210 840 1271 nostrorum,
861 1209 889 1257 et
908 1221 1002 1258 eorum
1015 1203 1063 1274 qui
1076 1209 1141 1272 post
1129 1195 1193 1258 thao

221 1278 360 1333 conferent
349 1285 401 1368 tur,
423 1281 541 1350 qualitas
562 1285 589 1335 et
609 1280 728 1334 conditio
748 1279 862 1333 firmiter
884 1281 954 1350 exigi
975 1280 1071 1350 possit.

209 1405 211 1410 ,
297 1355 399 1410 Illud
390 1373 444 1410 ram
460 1373 532 1410 nunc
545 1374 595 1411 noa
610 1356 703 1411 docuit
716 1374 781 1410 usus
796 1356 966 1424 variantium,
987 1373 1054 1426 quas
1069 1373 1102 1410 ex
1115 1355 1193 1427 quin-

220 1447 274 1500 que
295 1433 374 1487 codd.
387 1432 646 1487 Vindobonensibua
666 1432 752 1487 edidit
764 1431 886 1500 Alterus,
909 1433 950 1486 vir
973 1433 1144 1487 doctissimus
1165 1438 1194 1486 et

220 1507 356 1563 indelessa
375 1510 515 1564 industria.
555 1509 610 1564 Sed
629 1509 682 1563 hae
701 1511 839 1576 lectiones,
864 1526 925 1562 eum
946 1507 1060 1564 Venetis
1081 1509 1192 1564 ceteris-

221 1601 274 1654 que
295 1586 381 1656 copiis
402 1593 587 1655 comparatae,
607 1585 674 1639 mihi
693 1603 789 1655 parum
809 1584 868 1655 spei
888 1585 1056 1655 relinquunt,
1081 1585 1140 1640 fore
1160 1592 1193 1639 ut

220 1661 255 1715 ad
275 1661 362 1716 Iliada
382 1662 492 1732 quidem
512 1679 545 1716 ax
565 1662 705 1717 codicibus
725 1662 812 1716 multa
830 1677 903 1716 nova
923 1667 950 1716 et
975 1662 1124 1732 praecipua
1147 1679 1192 1715 us·

221 1755 303 1807 quam
322 1739 465 1808 prodeant·
499 1738 570 1796 Nam
589 1739 641 1809 ipsi
661 1739 787 1793 meliores
806 1737 869 1792 libri
881 1737 1108 1792 Vindobonenses
1122 1737 1191 1792 nibil
1215 1749 1222 1758 ’

220 1815 296 1869 aliud
315 1814 372 1870 fere
392 1815 443 1869 nisi
464 1815 573 1886 cognita
594 1823 621 1870 et
641 1815 705 1870 alibi
727 1820 834 1884 reperta
854 1814 1027 1883 confirmant,
1055 1833 1139 1885 quum
1158 1830 1193 1869 ex

220 1890 253 1944 iis
267 1899 407 1962 appareat,
422 1909 492 1961 quae
506 1893 636 1948 lectiones
648 1892 729 1946 alicui
740 1890 922 1960 posteriorum
932 1897 1085 1961 temporum
1096 1890 1192 1946 Gram-

219 1968 319 2022 matico
340 1969 385 2023 vel
405 1968 515 2023 librario
536 1969 759 2039 praestabiliores
774 1967 849 2021 visae
868 1968 930 2021 sint.
957 1967 1114 2022 Cuiusmodi
1130 1984 1193 2022 auc·

218 2044 316 2098 toritat
305 2051 346 2098 tes
372 2044 499 2114 quoniam
528 2061 578 2098 nee
603 2046 680 2115 ipsae
700 2061 749 2114 per
770 2060 813 2112 se,
840 2060 891 2099 nec
910 2061 1036 2098 numerus
1057 2051 1084 2099 et
1103 2044 1193 2100 multi·

220 2119 287 2174 tudo
309 2137 401 2175 earum
421 2121 569 2191 quidquam
588 2123 717 2175 momenti
738 2119 830 2188 faciat,
850 2120 1010 2190 praesertim
1030 2121 1053 2174 si
1073 2137 1128 2174 non
1141 2137 1192 2175 no·

220 2197 354 2274 minatae,
382 2203 523 2252 auctorum
542 2196 924 2268 gravitatecareant3thaud
932 2197 1037 2284 'paullo
1062 2197 1124 2266 plus
1148 2213 1192 2251 ao-

221 2267 361 2328 cessurum
380 2281 473 2344 putem
492 2273 556 2328 huic
576 2274 718 2344 apparatui
738 2273 895 2340 lectionum,
917 2273 939 2326 si
960 2273 1011 2326 viru
1003 2273 1099 2328 'docti
1111 2274 1193 2343 plura

221 2348 361 2406 Glossaria
382 2356 410 2405 et
429 2350 539 2404 Scholia
558 2350 660 2405 inedita
680 2349 860 2414 excusserint,
888 2365 971 2419 quam
998 2349 1021 2403 si
1046 2366 1096 2404 noa
1124 2349 1192 2404 dita-

220 2427 311 2483 verint
332 2427 426 2482 deoem
444 2428 489 2482 vel
509 2427 603 2497 viginti
620 2442 756 2480 novorum
773 2425 899 2479 codicum
912 2425 1061 2495 scripturis.
1091 2425 1191 2496 Quidni

220 2510 311 2558 autem
331 2503 399 2558 illud
418 2505 497 2558 unius
510 2503 623 2558 Homeri
643 2503 732 2573 gratia
752 2502 985 2572 operaepretium
1003 2501 1062 2556 sit?
1083 2501 1191 2572 quando

221 2580 339 2634 aliorum
351 2580 482 2635 librorum
495 2586 627 2648 veterum,
649 2595 787 2633 sacrorum
801 2578 918 2648 quidem,
939 2578 1033 2632 critica
1046 2578 1191 2632 illustratio

220 2655 368 2710 admodum
387 2674 473 2726 nuper
492 2660 534 2711 tot
552 2673 638 2725 equos
652 2656 725 2709 viros
742 2654 869 2723 exercuit,
891 2655 965 2724 ipsos
979 2654 1049 2710 adeo
1063 2655 1191 2724 Europae

220 2732 289 2786 fines
309 2749 433 2804 egressa,
460 2739 619 2802 tantumque
639 2731 730 2786 hausit
756 2747 939 2799 nummorum,
968 2748 1084 2801 quorum
1111 2731 1192 2785 tertia

221 2815 300 2880 parte
320 2826 423 2879 pauper
436 2809 571 2864 Homerus
592 2814 702 2863 content
703 2826 735 2862 ua
756 2813 836 2863 esset.
863 2806 942 2864 Nunc
955 2807 1000 2861 ille
1015 2807 1104 2862 adhue
1118 2807 1191 2862 Ken-

221 2885 296 2940 nicot
285 2889 355 2939 ttum
374 2903 452 2940 suum
472 2890 620 2956 exspectat,
641 2891 672 2938 ut
693 2884 809 2954 denique
827 2889 942 2953 constet,
963 2883 1029 2954 quid
1043 2884 1150 2938 omnino
1163 2883 1192 2936 in

222 2960 356 3031 deperdit
349 2980 371 3016 rs
390 2962 594 3030 numerandum,
616 2962 691 3016 cuius
711 2961 801 3015 adhuc
820 2960 898 3058 quasi
918 2977 952 3016 ex
967 2960 1118 3031 quisquiliis
1133 2976 1192 3015 cor·

221 3037 335 3093 radendi
355 3056 417 3109 spes
437 3039 542 3108 reliqua
562 3039 605 3092 sit.

687 3265 734 3343 V.

301 3423 450 3493 Gaudebo,
471 3425 495 3478 ai
514 3424 599 3479 falsus
620 3425 713 3481 luero:
737 3423 802 3478 mibi
822 3440 888 3479 vero
908 3423 1009 3494 paratis
1030 3422 1127 3493 opibus
1147 3437 1192 3477 ac·

222 3499 416 3587 quiescendum
436 3502 557 3572 putanti,
584 3519 666 3572 quum
686 3500 826 3574 Odysseae
846 3507 951 3556 tantum
971 3516 1057 3556 novos
1083 3499 1192 3555 codices
