2694 4116
490 317 678 375 ..37-

91 490 183 545 tando
204 489 333 545 torserint
351 481 474 538 nonnulli
492 483 673 536 recentiorum
681 479 713 551 ὅ),
734 480 846 550 longum
866 484 909 534 eet
929 483 956 532 et
976 476 1072 530 mirum

92 572 219 622 narratu.
252 566 359 620 Etenim
379 564 419 618 ilii
440 565 496 618 sere
509 563 652 617 Pisistrato
674 560 738 612 dere
752 557 878 610 videntur
892 554 1000 608 codices
1016 555 1071 607 ein·
1147 581 1149 592 ·

91 645 224 714 gularum
244 641 458 712 rhapsodiarum,
478 658 495 693 a
514 645 597 709 potita
609 637 689 704 forte,
712 640 741 688 ut
754 632 853 687 Suidae
868 631 956 698 donet,
978 630 1006 684 in
1021 646 1070 683 ve-

93 721 145 774 riie
158 719 281 786 urbibus,
303 735 370 789 quea
384 719 499 786 obierat,
512 717 622 771 reliotoe
636 713 724 767 dinam
739 726 774 763 en
789 710 997 779 oppigneratos:
1031 706 1073 760 hie

96 959 170 1027 ὑπὲρ
189 960 240 1026 τῆς
251 955 424 1027 τῶνὋμὴρῳ
436 952 620 1023 πεποιημένων
634 948 773 1017 συλλογῆς.
801 947 894 998 Snidee
906 942 1073 1014 v.‘⁷0quoc:

87 1022 234 1095 Ὕστερον
252 1026 386 1094 συνετέθη
404 1025 447 1076 καὶ
465 1021 567 1076 συνετά
605 1038 621 1088 η
641 1019 690 1070 ὑπὸ
709 1015 823 1080 πολλῶν,
836 1013 880 1065 καὶ
892 1013 1011 1076 μάλιστα
1024 1013 1074 1064 ὑπὸ

97 1093 313 1162 Πεισιστράτου,
331 1097 379 1146 τοῦ
397 1097 450 1145 τῶν
470 1091 619 1160 Ἀδηναιων
638 1086 781 1154 τυράννου.
808 1085 924 1134 Enetetb.
937 1102 962 1149 p,
975 1085 1000 1136 5.
1012 1079 1075 1132 “Ort

95 1164 128 1215 ἓν
148 1164 200 1226 μέν
219 1180 246 1214 τι
263 1167 342 1225 σῶμα
359 1161 474 1231 συνεχὲς
491 1158 582 1212 διόλου
600 1154 644 1208 καὶ
661 1154 836 1222 εὐάρμοστον
855 1152 872 1220 ἡ
890 1154 941 1218 τῆς
957 1147 1076 1209 Ἰλιάδος

99 1231 217 1300 ποίησις·
236 1231 261 1282 οἱ
279 1231 309 1282 δέ
326 1230 489 1293 συνθέμενοι
507 1227 616 1296 ταύτην,
635 1226 693 1298 κατ’
712 1223 771 1272 ἐπιτ
814 1222 852 1281 “ν,
870 1217 910 1277 ὥς
926 1236 1003 1287 φασι,
1015 1215 1075 1270 Πει-

99 1300 251 1364 σιστράτου
271 1329 310 1351 -.
330 1302 457 1367 Anonymi
475 1318 515 1364 ep.
534 1299 604 1348 Attae
630 1295 647 1345 l.
664 1311 686 1344 e.
719 1286 756 1340 Τὰ
797 1289 811 1339 ἐ
833 1286 970 1356 ποιήματα
993 1287 1076 1338 αὐτοῦ

97 1368 136 1420 τὰ
154 1367 253 1436 ἀληθῆ,
272 1372 321 1422 trio
338 1369 394 1420 cod.
413 1369 496 1435 Lipe.)
514 1362 654 1432 σποράδην
679 1359 815 1428 πρότερον
833 1355 969 1418 άδόμενα,
988 1351 1075 1406 Πεισι-

97 1453 227 1504 στρατος
244 1434 388 1505 Ἀθηναῖος
406 1433 571 1492 συνέταξε-
591 1428 709 1499 Περιϊὼν
722 1427 771 1485 τὰς
789 1409 1013 1509 πόλεις”θμηρος
1025 1419 1076 1494 ᾖδε

96 1505 132 1557 τὰ
151 1504 298 1572 ποιήματα·
317 1503 432 1566 ὕστερον
458 1503 488 1554 δέ
509 1499 690 1568 Πείσιτρατος
715 1495 784 1546 αὐτὰ
803 1509 970 1561 συνηγαγεν,
989 1493 1028 1551 ὡς
1045 1493 1076 1544 τὸ

101 1574 263 1641 ἐπιγραμμα
275 1575 357 1623 τοῦτο
369 1572 452 1642 δηλοῖ,
464 1569 602 1640 Ἀθήνησιν
615 1564 845 1635 ἐπιγεγραμμένον
858 1561 887 1612 ἐν
900 1561 980 1613 εἰκόνι
992 1562 1077 1615 αὐτοῦ

97 1644 149 1693 τοῦ
168 1637 378 1709 Πεισιστράτου·
938 1655 948 1667 “

176 1703 241 1776 Τρίς
257 1726 292 1771 με
310 1707 517 1777 τυραννήσαντα
535 1705 698 1765 τοσαυτάκις
715 1700 844 1762 ἐξεδίωξε

208 1776 295 1845 δῆμος
311 1774 503 1847 'Emesena
521 1773 563 1826 rai
581 1792 597 1825 τ
619 1773 643 1833 ὶς
660 1771 845 1832 ἐπεσπάσατο,

174 1845 219 1897 τὸν
237 1844 323 1913 μέγαν
343 1846 372 1896 ἐν
390 1843 502 1909 βουλαῖς
520 1841 727 1912 Πεισιστρατον·
746 1840 778 1898 ὃς
795 1839 843 1890 τὸν
856 1833 979 1907 Ὅμηρον

207 1911 337 1981 ἤδροισα,
356 1912 496 1984 σποράδην
514 1912 546 1962 τὸ
563 1911 627 1981 πρὶν
646 1911 810 1974 ἀειδόμενον.

173 1980 309 2050 ἡμέτερος
326 1981 382 2050 γὰρ
400 1985 489 2039 κεῖνος
506 1981 521 2031 ὁ
535 1979 660 2049 χρύσεος
675 1979 708 2048 ἦν
726 1976 864 2044 πολιήτης,

210 2046 290 2117 εἴπερ
308 2048 446 2119 Ἀθηναῖοι
465 2045 591 2117 Σμύρναν
610 2047 788 2118 ἐπῳκίσαμεν.

175 2117 196 2186 ⁰)
215 2117 280 2169 Nam
299 2129 472 2170 treneeurrunt
490 2135 545 2168 eam
562 2118 673 2184 plurimi,
693 2117 764 2184 quasi
782 2133 834 2166 rem
857 2115 927 2185 parri
948 2114 1077 2167 momenti.

101 2186 158 2238 Alii
177 2187 282 2237 ridicule
301 2188 335 2237 de
352 2205 382 2238 ea
400 2188 539 2253 loquuntur
556 2197 584 2236 ut
602 2188 712 2237 denova
723 2185 839 2238 editione.
867 2187 900 2236 nt
912 2201 986 2234 nemo
999 2184 1078 2250 magia

103 2258 217 2320 ingenue
236 2272 312 2320 quam
331 2257 455 2306 Kreterue
474 2256 570 2306 Hister.
588 2257 643 2306 erit.
661 2255 773 2318 Homeri,
792 2255 873 2319 posito
892 2252 935 2302 illo
949 2253 1078 2304 Eustatbii

106 2324 173 2382 ioco,
194 2341 212 2388 p
241 2325 297 2378 99.:
316 2322 377 2373 Non
396 2332 464 2374 caret
480 2321 699 2389 quidem-fateor,
712 2323 772 2372 haec
783 2323 908 2373 sententia
919 2319 1079 2384 dijfiordtati·

110 2393 172 2452 ὸιιες
191 2399 301 2442 attamen
320 2392 349 2441 ob
366 2393 441 2442 totius
456 2392 518 2455 sere
535 2392 697 2456 antiquitatis
714 2407 860 2440 consensum
878 2389 953 2439 aliter
969 2395 1079 2438 statuere

106 2476 160 2508 non
178 2460 243 2509 lieet.
281 2460 439 2511 Contentum
456 2461 494 2510 vir
511 2461 630 2511 historiae
648 2476 766 2510 reverens
784 2459 846 2510 dioit
863 2475 930 2519 eum,
949 2458 993 2521 qui
1010 2456 1077 2506 Piei·

104 2536 217 2578 stratum
235 2526 362 2589 σώματος
379 2530 511 2598 συνεχοῦς
528 2527 572 2578 καὶ
590 2526 765 2595 εὐαρμόστου
784 2537 912 2578 auctorem
934 2523 1005 2590 saoit,
1027 2541 1077 2575 non

104 2596 254 2648 Homerum.
289 2597 399 2658 Leviter,
417 2609 442 2647 et
467 2598 553 2646 vitiata
569 2597 673 2647 Kueteri
697 2598 835 2655 sententia,
854 2593 956 2658 Dreeig.
980 2609 1005 2656 p.
1022 2593 1078 2646 34.;

109 2663 151 2713 Ob
168 2663 274 2713 totius
288 2663 595 2728 tereantr'qua'tatr'a
607 2680 799 2714 eonsensum
813 2661 998 2713 eoncedendum
1010 2661 1079 2711 aide-

107 2740 162 2793 tur,
179 2731 262 2796 iprum
282 2731 383 2796 quidem
395 2733 530 2782 Homerum
543 2733 721 2796 conscripsisse
732 2748 787 2781 uua
799 2731 864 2781 aeria
875 2730 1007 2794 utriusque
1017 2733 1078 2793 ραδ-

106 2799 181 2850 ιποιιὶ
198 2798 281 2861 libror,
296 2801 453 2865 posterisque
469 2799 523 2850 auia
538 2809 730 2864 perpetuorum
742 2799 868 2863 disparem
880 2798 1021 2862 reliquisse,
1033 2797 1079 2849 aed

108 2869 191 2917 uinum
208 2884 261 2917 mon
277 2869 328 2918 nisi
346 2870 496 2934 cautilenae,
515 2885 579 2932 quae
596 2869 625 2918 ιἰι
642 2867 745 2932 oppidis
761 2867 840 2916 victua
856 2867 945 2932 qratia
957 2865 1079 2927 cantauit,

106 2933 235 3000 dispereas
251 2934 368 2988 edidiaae.
403 2937 530 2988 Partioule
545 2937 600 2996 sere
617 2936 706 2987 Latine
723 2937 817 2986 utimur
836 2936 976 2987 modestiae
993 2950 1078 2998 oense,

107 3021 158 3055 non
180 3013 209 3054 ut
232 3005 393 3057 mendacium
418 3016 540 3071 tegamus.
580 3006 669 3071 Itaque
693 3004 778 3071 quaiie
801 3003 845 3054 ille
868 3007 902 3054 eit
927 3003 1002 3053 totius
1024 3005 1080 3064 tere

109 3071 270 3136 antiquitatie
288 3089 431 3132 eomemaua,
449 3074 540 3124 dooere
557 3091 603 3124 nos
621 3075 737 3123 debebat.
772 3071 810 3123 Ne
829 3072 922 3122 Suidae
941 3071 1043 3137 quidem
1062 3070 1080 3122 l.

109 3157 130 3192 a.
148 3143 275 3200 concinit,
294 3158 369 3207 quern
388 3159 465 3191 unum
489 3142 524 3191 ibi
550 3143 659 3192 babebat
681 3157 741 3206 prae
763 3141 855 3190 oeuliez
879 3135 1009 3208 Ἔγραψε
1031 3138 1079 3207 τὴν

109 3204 212 3258 Ἰλιάδα
235 3207 287 3278 οὐχ
309 3205 378 3271 ἅμα,
396 3207 459 3258 οδδέ
481 3208 549 3259 κατὰ
573 3209 603 3260 τὸ
627 3207 755 3277 συνεχές,
779 3207 909 3274 καθάπερ
932 3205 1079 3275 σύγκειται·

108 3274 166 3326 ἀλλ’
191 3275 276 3334 αὐτὸς
291 3276 341 3338 μὲν
361 3277 477 3346 ἑκάστην
495 3275 636 3346 ῥαψῳδίαν
654 3275 768 3344 γράψας
784 3274 828 3325 καὶ
845 3273 984 3334 ἐπιδείξας
1000 3273 1081 3343 ἐντῷ

110 3346 279 3412 περινοστεῖν
298 3343 347 3404 τὰς
363 3343 457 3405 πόλεις
473 3349 580 3413 τροφῆς
597 3343 697 3406 ἕνεκεν,
716 3343 853 3394 ἀπέλιπεν.
884 3344 928 3394 Sio
945 3343 1080 3394 Pisistrato

111 3415 211 3465 demum
229 3413 293 3465 nibil
310 3417 437 3481 reliquum
455 3414 493 3473 fit,
512 3432 587 3481 qnmn
606 3423 634 3464 ut
650 3411 801 3478 rhapsodias
817 3412 846 3461 iu
870 3411 972 3462 totidem
994 3410 1080 3472 librae,

110 3491 169 3548 quot
185 3499 256 3533 omre
273 3481 399 3545 babemus,
418 3481 524 3533 dividat.
559 3484 647 3548 Itaque
666 3482 730 3532 bano
748 3481 898 3533 divisionem
921 3481 953 3530 eb
971 3480 1080 3530 Alexan·

110 3553 190 3603 drinie
208 3551 336 3604 inductam
354 3569 419 3614 eene,
437 3553 569 3618 ignorabat
586 3555 626 3603 vir
644 3551 733 3602 bonna.
960 3565 961 3570 ¹
