2702 4124
815 299 824 329 Ι

506 338 696 395 -73-

108 505 205 570 putas,
227 505 255 555 st
267 517 321 554 non
335 505 457 569 naturae,
477 500 525 554 sed
540 501 617 568 artis,
630 501 658 555 in
671 505 714 554 tot
727 498 829 570 mythis
842 497 913 554 illius
927 499 991 555 belli
1003 516 1087 554 unum

107 577 208 644 fnisse,
231 578 276 647 qui
298 577 502 631 continuatione
522 578 639 646 quadam
661 577 819 631 concinnum
842 583 870 629 et
889 575 1012 646 partibus
1031 577 1086 630 stris

108 653 273 709 absolutum
288 651 402 708 Carmen
417 652 578 707 exhiberet?
611 653 705 720 Anne,
725 652 779 705 illis
794 653 937 723 concessis,
959 654 1085 724 opinaris,

108 731 200 784 multo
222 729 356 784 diversum
378 747 446 799 opns
467 731 599 783 exiturum
619 729 711 797 fuisse,
733 728 838 783 etiamsi
857 735 974 798 quatuor
987 733 1086 800 politae

107 808 198 862 telam
219 805 424 861 deteruissent‘?
457 805 578 860 Felicem
599 806 672 861 dicas
692 805 837 875 populum,
861 811 957 875 utpote
977 822 1085 876 magno-

107 901 173 936 rum
194 889 332 953 gestorum
352 881 580 950 fecundissimum,
602 885 645 937 cui
666 881 793 937 Carmina
818 897 904 951 prope
923 889 1020 950 sponte
1039 901 1086 937 na·

108 965 232 1028 scentrrr,
255 976 324 1029 quae
344 959 460 1012 aliorum
480 961 643 1029 populorum
664 958 850 1012 intentissimis
871 957 967 1011 studiis
981 963 1009 1012 et
1021 960 1085 1029 arti7

109 1036 165 1090 bus
184 1053 239 1090 non
259 1035 438 1106 proveniunt!
471 1033 574 1090 Rideas
587 1035 663 1090 licet:
683 1051 776 1088 verum
796 1037 835 1088 ita
854 1034 934 1104 plura
946 1039 1011 1089 nata
1024 1039 1086 1088 sunt

109 1113 222 1183 ingenio
244 1110 420 1179 Graecorum,
434 1111 533 1182 quibus
553 1111 679 1182 profecto
700 1127 861 1178 careremus,
875 1111 927 1164 nisi
946 1109 984 1163 illi
1005 1112 1084 1165 exsti·

107 1191 217 1244 tissent.

512 1362 695 1441 XXVIII.

190 1537 234 1592 De
248 1536 373 1610 Odyssea
391 1539 477 1594 maior
497 1544 539 1593 est
559 1537 693 1592 dubitatio
714 1543 742 1592 et
755 1539 881 1608 propriae
896 1553 985 1594 corae.
1022 1537 1084 1594 Non

110 1616 178 1685 qnia
200 1615 289 1668 omnia
308 1614 335 1668 in
355 1615 458 1670 illaad
477 1615 594 1669 reditum
607 1614 715 1685 Ulyssis
733 1614 900 1670 referuntur:
921 1615 981 1684 quis
994 1615 1023 1669 id
1036 1616 1084 1668 mi·

109 1698 189 1746 retur
208 1691 236 1744 in
256 1686 368 1753 ἀοιδαῖς,
386 1709 456 1761 quae
477 1697 611 1746 errantem
631 1698 658 1744 et
678 1693 795 1760 patriam
814 1699 989 1761 quaerentem
1002 1697 1030 1746 et
1043 1709 1084 1745 re·

111 1768 213 1822 ducem
225 1767 353 1838 Ulyssem
366 1767 542 1838 proponunt?
562 1767 610 1822 sed
629 1767 702 1836 quod
716 1766 870 1836 Penelopae
885 1775 913 1822 et
926 1767 1085 1823 Telemachi

110 1844 223 1898 fortuna
245 1843 464 1914 domesticaeque
479 1845 647 1900 calamitates
661 1842 752 1897 herois
766 1860 886 1912 congrua
899 1844 1003 1898 ratione
1017 1851 1083 1897 tem·

109 1937 209 1990 porum
234 1937 267 1974 ac
293 1926 387 1975 tenore
413 1938 502 1974 rerum
528 1921 568 1975 sic
588 1921 736 1989 iunguntur
756 1936 817 1972 cum
837 1919 954 1973 externis
974 1919 1082 1974 casibus

111 1997 180 2063 eius,
201 2002 232 2050 ut
252 1997 343 2050 statim
363 2015 380 2050 a
399 1999 490 2051 limine
509 1997 537 2051 in
556 1996 675 2051 medieas
700 2011 743 2048 res
770 1995 902 2050 abstracti
923 2013 1028 2066 semper
1047 1997 1082 2050 ad

111 2073 216 2127 exitam
234 2072 405 2141 festinemus,
432 2081 515 2143 atque
540 2073 697 2128 redeuntem
718 2089 779 2125 eum
800 2078 828 2126 et
848 2073 939 2142 quiete
959 2079 1022 2142 post
1041 2078 1084 2126 tot

110 2149 222 2204 labores
249 2150 400 2204 exantlatos
427 2156 580 2220 pacatoque
604 2166 688 2218 regno
713 2147 848 2204 fruentem
867 2151 983 2204 maxime
1001 2150 1083 2205 animi

111 2225 295 2280 sollicitudine
316 2226 409 2280 videre
431 2227 579 2296 cupiamus.
619 2226 698 2281 Unde
717 2227 757 2295 fit,
778 2233 809 2279 ut
823 2226 975 2298 odysseam
993 2243 1082 2291 nemo,

85 2341 87 2348 .
113 2303 160 2356 cui
182 2303 289 2356 omnino
310 2304 415 2371 priscus
436 2309 513 2358 vates
533 2303 649 2374 placeat,
669 2303 722 2357 nisi
742 2304 887 2372 perlectam
909 2320 923 2357 e
943 2321 1024 2358 manu
1038 2302 1083 2356 de·

112 2395 216 2448 ponere
236 2386 328 2448 queat.
367 2379 407 2433 At
427 2380 473 2434 illa
491 2397 536 2435 ars
556 2380 584 2432 id
604 2381 691 2449 ipsum
712 2387 762 2446 est,
783 2380 857 2448 quod
877 2381 923 2434 vix
941 2398 974 2434 ac
991 2395 1025 2433 ne
1038 2380 1084 2432 vir

112 2454 224 2524 quidem
246 2456 342 2511 cadere
363 2456 472 2510 videtur
491 2457 518 2509 in
539 2462 638 2523 vatem,
659 2457 779 2528 singulas
799 2462 903 2511 tantum
923 2454 1083 2524 rhapsodias

112 2531 312 2598 decantantem,
334 2533 435 2602 quippe
449 2533 504 2603 qui,
524 2540 556 2587 ut
568 2532 603 2587 ad
619 2533 810 2603 cogitationem
823 2534 885 2587 talis
898 2533 965 2588 artis
978 2531 1083 2600 accingi

110 2607 255 2677 potuisset,
275 2609 321 2662 vel
339 2608 413 2679 apud
434 2609 656 2680 exquisitissimos
669 2609 807 2664 auditores
821 2608 955 2678 Aspendii
975 2607 1082 2662 cithari-

111 2690 170 2738 stae
190 2684 271 2738 modo
291 2685 364 2739 intus
384 2694 542 2740 cantaturus
562 2685 665 2739 hrisset.
699 2686 786 2756 Igitur
799 2685 956 2739 Telemachi
976 2685 1028 2738 iter
1047 2684 1083 2740 ad

110 2759 256 2816 Nestorem
271 2767 298 2814 et
311 2761 476 2829 Menelaum,
490 2762 597 2832 Ulyssis
611 2779 733 2816 secessus
747 2763 773 2815 in
788 2761 896 2832 Ogygia
909 2761 1004 2828 insula,
1018 2761 1083 2815 item

110 2836 323 2906 pulcherrimum
343 2836 470 2904 Carmen,
496 2839 523 2891 in
549 2855 604 2908 quo
625 2855 730 2893 errores
750 2838 808 2908 ipse
829 2856 892 2892 suos
911 2838 1083 2894 Phaeacibus

111 2912 260 2968 denarrans
274 2913 420 2983 inducitur,
442 2913 591 2984 eodemque
605 2914 686 2969 modo
701 2915 782 2968 etiam
795 2914 907 2984 reliqua,
929 2914 956 2967 h.
971 2931 995 2968 e.
1010 2931 1083 2968 seor-

112 3006 173 3043 sum
193 2995 221 3044 et
240 2991 315 3045 nulla
334 2991 501 3061 spectatione
521 2992 663 3045 universae
683 2991 795 3059 formae,
816 3009 849 3045 ac
869 2991 990 3044 Homero
1010 3007 1082 3045 com-

111 3065 207 3135 posita
225 3067 312 3120 videri
331 3073 453 3136 possunt,
475 3067 575 3138 diuque
596 3068 739 3122 decantata
759 3085 834 3138 esse,
857 3068 1016 3137 priusquam
1034 3067 1082 3122 ali-

112 3141 172 3211 quis
198 3143 325 3211 politiore
354 3149 382 3199 et
404 3143 604 3198 abundantiore
630 3144 734 3198 artibus
757 3160 826 3199 aevo
847 3144 1081 3208 animadverteret,

111 3234 144 3272 ea
154 3218 249 3287 paucis
263 3219 422 3287 recidendis,
432 3219 573 3286 addendis,
589 3220 725 3274 mutandis
738 3221 772 3274 ad
783 3220 992 3290 perpetuitatem
1002 3219 1081 3272 unius

110 3295 202 3365 magni
222 3296 343 3365 eorporis
364 3297 483 3364 redacta,
498 3313 597 3350 novum
612 3297 690 3366 quasi
704 3302 732 3349 et
745 3297 890 3366 perfectius
904 3294 1081 3365 splendidius-

111 3387 164 3441 que
183 3378 385 3426 monumentum
406 3373 474 3427 fore.

187 3465 310 3523 Eandem
337 3482 393 3520 rem
420 3466 535 3522 forsitan
559 3467 659 3522 frustra
679 3468 784 3536 experti
802 3467 918 3522 fuissent
937 3465 1036 3522 Graeci
1055 3466 1082 3519 in

110 3537 170 3595 aliis
191 3539 314 3610 Νόστοις,
341 3559 395 3612 quo
422 3542 529 3598 nomine
553 3544 634 3614 plura
653 3544 796 3600 exstabant
815 3544 928 3614 antiqua
948 3541 1081 3610 Carmina,
