2702 4124
656 321 849 374 ..52-

266 477 307 534 bit
326 494 477 534 sermonem
497 477 618 548 Homeri,
640 493 721 550 quem
739 479 990 550 interpretationem
1011 486 1147 550 veterum,
1168 499 1241 552 quae

265 559 293 610 et
313 554 423 608 illorum
443 559 472 610 et
490 560 646 610 nostrorum
666 563 818 627 temporum
838 559 899 610 usui
919 564 1064 630 repugnet,
1091 558 1243 628 amplecti?

343 630 438 700 Qualis
459 637 548 686 tamen
561 631 607 687 ille
621 650 680 688 mos
693 633 784 702 luerit,
805 635 896 704 qualia
909 635 987 705 signa
1000 635 1103 700 Proeti,
1125 635 1242 690 lebetae

264 712 424 774 monstrata,
445 725 576 778 quaerere
596 716 638 764 est
658 710 729 764 alius
748 711 814 765 loci.
843 711 960 766 Veteres
976 711 1153 766 Grammatiei
1173 711 1242 782 qnid

265 784 441 850 coniecerint,
462 784 632 855 ignoramus,
657 787 708 841 nisi
734 787 809 858 quod
828 789 908 856 pauci
929 787 1037 842 illorum
1058 789 1186 843 videntur
1207 806 1242 843 ea

264 858 291 914 in
305 877 416 915 numero
438 857 633 926 ἱερογλυφικῶν
657 862 793 930 habuisse,
809 864 1037 935 quemadmodum
1050 865 1141 936 plures
1155 864 1240 920 hodie

262 934 438 1007 leotronam).
479 937 520 992 At
533 939 696 1007 Apollodori
716 939 902 994 locum‘illum
923 951 983 994 cum
998 941 1116 996 Scholiia
1137 941 1239 996 nostris

262 1015 431 1084 comparanti
454 1014 528 1069 haud
549 1032 631 1086 aegre
651 1017 845 1086 persuadeam,
866 1011 965 1064 πίνακα
982 1015 1100 1066 ernardo
1128 1018 1163 1072 ab
1184 1017 1240 1072 illis

260 1089 384 1145 habitum
409 1107 469 1145 esse
496 1091 614 1162 ligneam
639 1099 768 1149 tesseram
792 1094 836 1148 vel
857 1095 1006 1163 symbolum
1026 1094 1159 1164 aliquem,
1190 1094 1239 1164 qui

260 1173 340 1221 notas
365 1167 518 1222 mortiferas
544 1167 605 1222 rudi
630 1176 688 1224 arte
715 1169 814 1224 incisas
839 1170 1019 1242 habuerit⁴⁹).
1069 1171 1112 1226 De
1143 1170 1239 1226 tabula

261 1248 354 1298 cerata
373 1243 494 1313 cogitare
515 1245 560 1298 vix
580 1245 643 1301 sinit
658 1247 827 1301 consuetudo
842 1251 949 1317 poetae,
972 1247 1147 1303 artificiosam
1168 1248 1237 1302 eius-

260 1319 335 1374 modi
356 1336 466 1389 operam
486 1319 578 1391 aliquo
599 1327 673 1378 certe
694 1322 816 1393 epitheto
836 1324 922 1378 aliave
938 1324 1091 1380 adiectione
1105 1324 1237 1406 ornaturi.

694 1497 781 1572 XX.

338 1653 428 1709 Docet
442 1670 507 1724 ergo
520 1652 642 1707 locorum
656 1654 763 1709 illorum
780 1637 933 1725 explicatio,
957 1673 1011 1710 non
1031 1673 1065 1711 ex
1085 1657 1236 1729 peregrinio

260 1730 434 1801 opinionibus
461 1736 584 1800 captata,
615 1730 663 1785 sed
693 1731 817 1785 instituta
843 1732 987 1803 diligenter
1013 1750 1046 1788 er
1070 1734 1233 1789 Homericae

260 1808 390 1863 orationis
410 1807 586 1879 proprietate,
607 1807 772 1863 mentionem
792 1807 942 1880 scripturae
963 1809 991 1862 in
1004 1809 1037 1864 iia
1050 1810 1109 1864 fieri
1122 1812 1234 1866 nullam.

205 1905 208 1912 .
257 1917 464 1931 ———-

325 1989 359 2055 ⁴⁸)
376 1989 409 2041 V.
428 2004 451 2040 c.
470 1985 597 2037 Bachetus
615 1985 703 2037 Meeir.
721 1985 754 2036 ad
773 1984 844 2036 Ovio.
857 1985 923 2054 Epp.
935 1986 1042 2038 Heroid.
1061 1986 1089 2038 Τ.
1106 1986 1126 2037 Ι.
1138 2005 1164 2054 p.
1174 1988 1234 2043 328.

255 2057 341 2110 Huius
365 2063 450 2107 tamur
473 2055 578 2105 rationis
603 2054 731 2119 quoddam
755 2053 888 2119 vestigium
911 2062 950 2106 est
972 2057 999 2107 in
1024 2055 1155 2122 exsignato
1178 2057 1234 2108 loeo

255 2125 461 2259 Eustiiingehol·
481 2189 594 2243 (toea
613 2189 686 2240 adv.
709 2191 765 2246 169.
800 2185 826 2240 Γ
821 2157 909 2258 paedor
933 2189 993 2242 ἐστὶ
1018 2191 1050 2243 τὸ
1070 2190 1157 2251 ξέσαι·
1175 2187 1231 2242 οἷον

257 2258 305 2312 οὖν
324 2255 484 2329 ἐγχαράξας
501 2253 641 2321 εἴδωλα,
666 2255 703 2307 dr'
721 2255 762 2308 ὧν
783 2255 855 2308 ἔδει
876 2261 1008 2325 γνῶναι
1031 2258 1089 2311 τὸν
1109 2260 1231 2311 arcade-

255 2329 318 2398 μὸν
338 2329 399 2379 τοῦ
417 2322 576 2395 Προίτου.
611 2326 805 2378 circumlocutio
822 2328 885 2378 haec
903 2335 941 2379 est
958 2331 1042 2389 verbi,
1061 2328 1130 2396 quod
1147 2327 1231 2396 Apol-

255 2398 307 2450 lod.
326 2397 449 2461 adhibuit,
470 2393 634 2460 ἐπιγνούς
641 2413 648 2455 ;
673 2403 702 2446 ut
720 2396 883 2462 perspicuum
902 2397 950 2455 sit,
974 2397 1080 2448 eandem
1098 2405 1232 2463 utrumque

255 2465 405 2518 sententiam
424 2467 505 2531 sequi.
540 2463 655 2516 Bustath.
674 2463 691 2515 l.
711 2479 734 2514 c.
752 2459 903 2550 Edprm'dpg
921 2481 970 2514 που
990 2463 1024 2514 τὰ
1038 2462 1165 2534 Ὁμηρικὰ
1183 2464 1229 2534 σή·

254 2550 329 2598 ματα
353 2533 394 2590 εἰς
417 2529 572 2595 ξύμβολα
589 2529 755 2594 μεταλαβών
773 2547 848 2650 ἵησι·
873 2531 998 2591 μένοις
1021 2550 1059 2584 τε
1084 2533 1229 2594 πέμπειν

255 2600 425 2666 σύμβολα,
449 2599 483 2651 οἳ
506 2598 681 2667 δμάοοοσὶ
702 2596 728 2650 σ’
751 2615 766 2648 ε
790 2615 797 2630 ·
825 2599 928 2666 (Medea
951 2621 973 2654 r.
998 2601 1067 2670 613.)
1094 2603 1160 2652 Mihi
1178 2601 1230 2652 veri

254 2671 385 2738 persimile
402 2671 508 2730 videtur,
529 2669 577 2719 iam
596 2677 649 2719 tum
667 2672 734 2720 inter
757 2677 876 2735 cognatos
900 2670 1039 2722 obtinuisse
1063 2679 1134 2721 notas
1153 2687 1229 2736 quaa-

254 2739 312 2790 dam
331 2738 493 2804 symbolicas,
512 2738 603 2804 quibus
623 2737 654 2788 de
672 2738 802 2787 nonnullis
818 2738 975 2804 pravissimis
992 2739 1067 2790 rebus
1085 2755 1159 2790 sensa
1173 2738 1229 2788 ani-

255 2824 352 2858 morum
370 2806 437 2856 inter
455 2824 482 2857 ee
502 2806 725 2866 communicarant,
744 2805 769 2856 in
782 2809 924 2874 primisque
936 2808 984 2859 hoc
995 2826 1077 2874 genus
1089 2804 1229 2872 θυμοφθό-

253 2892 311 2943 μιον
331 2872 471 2942 σημάτων,
491 2875 619 2925 inventum
638 2874 745 2924 fortasse
764 2891 793 2924 ea
811 2883 901 2936 aetate,
921 2892 972 2942 qua
991 2876 1093 2926 ultionis
1112 2877 1229 2925 caedium

254 2950 280 2995 et
297 2944 487 2995 inimicitiarum
505 2943 560 2993 dira
576 2943 680 2994 saevitia
697 2942 806 3009 vigebat.
837 2945 888 2994 Sed
906 2944 968 2995 haee
986 2944 1127 2995 accuratius
1145 2943 1228 3008 expli·

254 3012 336 3064 canda
354 3020 412 3062 ennt
429 3013 455 3062 in
468 3011 601 3078 ¹singulari
619 3011 767 3077 quaestione
785 3011 817 3061 de
834 3011 948 3077 symbolis
972 3021 1088 3065 ceterum.
1124 3011 1228 3062 Interim

253 3081 380 3132 nemiuem
403 3080 542 3146 poenitebit
566 3096 709 3144 comparare
733 3079 830 3130 similia
857 3081 925 3146 apud
951 3081 1095 3131 Marianum
1119 3098 1144 3146 p.
1168 3079 1227 3134 523.

253 3167 318 3217 sqq,
338 3150 363 3199 in
383 3150 474 3216 quihus
493 3150 570 3198 etiam
589 3155 647 3198 eunt
665 3148 818 3199 facetissima
835 3149 913 3199 haec:
939 3149 987 3213 „Si
1005 3145 1093 3200 c’etoit
1111 3149 1137 3200 lt
1160 3147 1228 3198 veri-

253 3218 391 3270 tablement
408 3234 458 3268 una
475 3216 548 3266 lettre
565 3217 644 3267 ecrite
663 3232 694 3266 en
713 3218 849 3267 caracteres
867 3216 891 3266 d'
905 3218 1032 3284 alphabet,
1051 3217 1069 3266 il
1088 3217 1165 3268 eeroit
1177 3232 1227 3278 ¹eu-

252 3286 402 3338 trememont
424 3284 564 3350 singulier,
589 3284 631 3351 qu'
650 3301 701 3334 une
725 3285 852 3336 invention
876 3285 898 3335 si
921 3287 984 3337 utile
1007 3293 1033 3335 et
1054 3285 1180 3335 dds-lora
1204 3285 1227 3334 ai

254 3369 362 3414 conone,
380 3354 424 3406 edt
441 3355 544 3418 disparu
563 3354 627 3404 deux
644 3352 805 3419 generations
823 3355 906 3418 apres,
926 3355 988 3404 dans
1006 3353 1050 3404 des
1076 3354 1226 3404 cou'onctu-
1270 3369 1280 3388 ·

252 3438 293 3474 ras
310 3425 344 3474 ob
362 3439 407 3473 sou
425 3438 504 3488 usage
522 3422 638 3473 devenait
660 3422 737 3472 d’une
764 3429 818 3472 tout
840 3431 910 3472 autre
928 3424 1090 3488 importauce.
1156 3420 1227 3471 ὀλοᾶ-

253 3489 300 3541 elle
316 3490 381 3541 doce
400 3490 481 3540 botsac
500 3506 548 3553 que
563 3505 631 3554 pour
648 3488 693 3540 dcc
710 3489 793 3541 lettres
811 3489 843 3540 de
857 3489 1093 3552 recommendatioe,
1112 3489 1158 3553 qui
1169 3496 1226 3540 tatt-

253 3557 341 3610 cloiect
360 3560 377 3610 ὰ
386 3559 462 3623 scire
480 3557 585 3610 devorer
602 3559 638 3610 tes
654 3573 716 3623 qens
730 3574 784 3623 par
801 3557 828 3608 la
849 3557 1003 3610 Odimdrei“
