2702 4124
597 333 786 386 ..12-

208 492 377 560 novissimas,
398 489 562 558 devenerint,
584 507 676 545 ornnes
690 491 767 546 istius
780 489 886 561 generis
901 490 1029 560 reliquias
1049 490 1179 561 colligere

206 570 286 640 plane
300 568 423 639 oportuit
435 585 505 636 eum,
520 567 566 637 qui
580 567 752 637 integriorem
766 573 869 621 textum
882 567 1045 637 requirebat.
1073 567 1180 636 Quodsi
1195 573 1198 580 '

207 646 275 700 illud
294 645 426 700 industrie
447 645 513 712 feri,
534 649 617 713 atque
636 645 741 697 nullum
760 643 867 714 neglexi
886 644 991 712 locum,
1016 643 1088 697 unde
1108 643 1179 697 hanc

205 722 391 777 recensionem
402 722 564 776 limatiorem
575 721 724 787 redderem,
738 720 805 774 nibil
815 719 879 773 mihi
893 719 1061 775 laboravisse
1073 719 1178 790 videor,

207 804 396 869 praeterquam
424 798 497 867 quod
523 814 568 851 res
592 797 652 866 ipsa
672 797 801 866 exigeret.
839 796 954 850 Minime
979 813 1045 866 ergo
1071 813 1178 866 querar,

208 881 338 945 quantum
356 874 496 929 molestiae
516 873 684 928 exhauserim
703 874 730 926 in
750 872 805 926 hoc
825 877 880 926 tam
902 873 1070 928 diversarum
1089 889 1180 928 rerum

208 957 313 1022 paratu,
333 951 361 1005 in
375 956 417 1006 tot
431 950 610 1021 scriptoribus
624 943 824 1019 persolvendis,
844 949 872 1002 in
892 949 1013 1020 legendis
1034 956 1062 1004 et
1080 949 1180 1020 partim

207 1027 430 1082 reconcinnandie
450 1026 583 1094 Scholiis,
610 1033 691 1096 atque
711 1025 738 1079 in
758 1025 942 1096 conquirenda
966 1033 994 1079 et
1018 1025 1180 1080 excutienda

208 1110 285 1159 tanta
311 1109 339 1157 et
362 1121 493 1174 persaepe
518 1103 607 1156 inutili
632 1103 768 1172 farragine
792 1103 944 1172 glossarum
970 1107 998 1156 at
1022 1102 1178 1157 lectionum.

207 1180 314 1237 Navavi
332 1181 430 1248 libens,
451 1179 533 1250 quod,
555 1181 741 1249 qualecunque
757 1179 863 1247 navavi,
885 1178 965 1232 etad
986 1195 1074 1232 meam
1093 1178 1180 1247 ipsius

207 1257 363 1310 utilitatem.
403 1255 448 1311 Ac
471 1273 505 1310 ne
530 1255 597 1310 haec
624 1255 733 1325 quidem
760 1255 793 1308 do
818 1256 914 1310 studiis
941 1254 1007 1310 meis
1032 1255 1179 1325 praefarer,

207 1333 260 1387 nisi
278 1333 345 1386 mihi
365 1333 435 1387 ratio
456 1333 513 1386 eius
534 1333 623 1402 operis
643 1331 781 1386 reddenda
803 1339 883 1399 esset,
903 1332 931 1384 in
951 1349 1005 1401 quo
1025 1331 1119 1386 alienis
1139 1331 1179 1384 la·

208 1409 321 1464 boribus
331 1409 383 1463 frui
393 1426 447 1463 non
460 1409 562 1463 liceret.
591 1407 619 1461 A
633 1407 779 1462 iactatione
791 1407 940 1462 industriae
954 1414 1059 1461 tantum
1073 1408 1179 1476 absum,

208 1493 312 1539 utnon
332 1492 388 1540 tam
407 1485 480 1538 laudi
500 1485 566 1539 mihi
587 1484 644 1538 dari
664 1484 787 1553 cupium,
814 1485 837 1538 ai
864 1484 1043 1539 necessarium
1070 1501 1180 1554 operam

208 1579 263 1615 non
283 1561 468 1627 detrectarim,
494 1578 574 1631 quam
595 1562 677 1628 vitio,
703 1561 726 1614 si
746 1560 790 1614 vel
810 1561 896 1614 minus
916 1567 989 1614 recte
1015 1561 1042 1614 in
1069 1577 1102 1615 ee
1129 1560 1180 1613 sim

209 1645 347 1708 versatus,
375 1639 420 1692 vel
441 1637 588 1708 quidquam
608 1642 697 1692 certae
718 1636 900 1692 emendationi
918 1637 1090 1706 profuturum
1111 1637 1180 1691 omi·

209 1731 297 1771 saum.

650 1923 737 1998 Vll.

285 2097 395 2152 Etenim
413 2097 482 2151 illud
502 2097 568 2150 mihi
588 2115 671 2151 unum
692 2097 861 2168 propositum
887 2097 939 2152 fnit
963 2097 1122 2167 praecipue,
1149 2103 1180 2151 nt

210 2180 315 2229 textum
333 2174 446 2228 Homeri
466 2174 502 2232 ad
522 2191 643 2228 normam
663 2174 783 2228 eruditae
806 2174 974 2244 antiquitatis
1000 2173 1178 2242 emendarem,

209 2257 292 2321 atque
317 2268 378 2304 eum
403 2250 509 2317 verbis,
537 2250 766 2320 interpunctione,
794 2251 962 2319 accentibus,
986 2266 1073 2320 prope
1098 2251 1179 2304 talem

109 2363 110 2368 =
210 2327 374 2394 exhiberem,
396 2327 485 2396 qualis
499 2343 532 2380 ax
545 2328 748 2381 recensionibus
763 2327 828 2380 olim
844 2327 1040 2396 probatissimis
1060 2326 1179 2392 relictus,

211 2405 234 2457 si
247 2409 352 2457 tantum
365 2420 475 2472 sperare
491 2403 532 2457 fas
546 2407 596 2470 est,
617 2403 741 2474 Longino
756 2403 836 2457 alicui
849 2421 898 2456 seu
911 2403 957 2456 alii
971 2403 1056 2458 veteri
1068 2400 1178 2470 critico,

211 2479 258 2550 qni
272 2480 357 2550 copiis
371 2479 617 2533 Alexandrinorum
632 2481 718 2550 perite
733 2481 926 2549 moderateque
946 2479 985 2534 uti
1002 2479 1092 2547 sciret,
1113 2478 1179 2533 satia

209 2557 360 2628 placiturus
380 2555 463 2610 fnisse
483 2555 628 2611 videretur.
668 2557 730 2610 Hoc
751 2555 816 2626 qnid
836 2556 875 2611 rei
895 2557 930 2610 sit
955 2561 1038 2625 atque
1064 2555 1178 2620 consilii,

211 2639 239 2687 et
260 2650 327 2703 quas
347 2631 375 2685 in
395 2649 427 2686 eo
448 2631 567 2686 rationes
589 2638 698 2688 secutus
714 2633 773 2700 sim,
795 2631 987 2688 Commentarii
1002 2631 1114 2685 materia
1127 2637 1177 2700 est,

210 2725 265 2763 non
285 2708 471 2778 praefationis.
518 2709 589 2764 Nam
608 2711 632 2764 si
652 2727 708 2764 non
727 2709 814 2763 solum
835 2709 1006 2763 indoctorum
1032 2709 1179 2762 calumnias

211 2802 346 2853 amovere,
367 2785 415 2839 sed
434 2785 508 2855 ipsas
529 2802 624 2840 causas
645 2786 763 2840 instituti
776 2784 811 2838 ad
824 2785 956 2855 liquidum
970 2785 1119 2855 perducere
1132 2802 1178 2839 ve·

210 2862 266 2931 lim,
286 2862 380 2930 multa,
401 2878 472 2930 quae
491 2862 649 2932 vulgaribus
671 2862 808 2917 erroribus
829 2861 1009 2932 implicantur,
1028 2861 1063 2915 ad
1084 2877 1178 2915 verum

211 2936 366 2994 revocanda
386 2937 452 3006 sint3
481 2937 549 3006 ulia,
577 2955 646 3008 quaa
666 2945 709 2993 tot
732 2938 864 2993 librorum
888 2938 1014 2992 interitus
1039 2937 1178 3005 obscurat,

210 3016 266 3070 alta
286 3013 414 3083 repetitis
431 3013 567 3068 historicis
587 3015 749 3071 coniecturis
768 3014 937 3080 illustranda,
958 3014 1101 3083 omniaque
1115 3030 1177 3067 con-

210 3091 342 3146 firmanda
363 3090 499 3160 exemplis,
522 3091 557 3144 ad
578 3108 745 3146 communem
764 3091 970 3162 intelligentiam
984 3090 1105 3145 delectis.
1140 3089 1179 3145 Ut

211 3185 277 3223 vero
298 3167 397 3221 clarius
418 3173 562 3236 appareat,
590 3167 688 3237 quibus
707 3167 876 3238 potissimum
897 3166 1049 3238 praeceptis
1068 3171 1179 3237 regatur

210 3243 356 3299 Homerica
376 3243 527 3298 emendatio
538 3283 546 3312 ,
568 3244 683 3298 maximo
705 3243 795 3299 studio
815 3245 842 3298 in
862 3243 989 3298 tralaticii
1010 3249 1101 3297 textus
1121 3260 1178 3296 mu-

210 3321 328 3375 tationes
338 3307 448 3390 'inquiri
468 3326 585 3388 oportet,
606 3320 777 3374 recensendis
792 3321 913 3375 fontibus
928 3326 955 3374 et
967 3319 1062 3374 rivulis
1078 3337 1177 3387 aarum,

212 3395 259 3466 qui
279 3397 323 3450 vel
344 3397 408 3451 olim
428 3402 619 3464 manaverunt,
645 3397 691 3451 vel
711 3399 791 3451 etiam
812 3397 893 3451 hodie
919 3401 1021 3467 patent.
1069 3397 1101 3450 In
1126 3395 1178 3449 hac

211 3471 315 3527 infinita
334 3471 414 3542 copia
434 3488 523 3526 rerum
543 3489 615 3526 nunc
638 3489 670 3527 eo
691 3479 753 3527 utar
773 3479 1000 3544 temperamento,
1027 3478 1057 3526 ut
1076 3472 1179 3544 gravis·

211 3548 278 3603 sima
298 3564 422 3618 quaeque
443 3553 471 3603 et
490 3548 634 3604 utilissima
647 3550 742 3620 paucis
756 3567 897 3620 exsequar,
918 3565 969 3604 nec
982 3551 1080 3620 ipsum,
1096 3565 1178 3620 quem
