2694 4116
652 351 863 404 —158-

269 506 342 579 gula,
363 506 487 561 modesto
507 505 595 578 signo,
617 508 644 562 in
664 507 714 576 iis,
739 509 786 579 qui
806 509 831 564 ei
851 509 887 564 ob
908 509 1014 564 minora
1032 511 1100 566 vitia
1122 513 1251 569 videren-

270 591 314 640 tur
333 582 436 654 indigni
455 586 547 653 potita,
567 589 597 640 at
616 585 773 640 tolerabiles
794 592 893 642 tamen.
927 585 983 640 Sed
1003 588 1164 644 coniectura
1179 589 1251 646 haec

270 666 313 716 est
333 659 477 714 admodum
497 660 575 732 parvi
595 662 723 716 momenti
741 661 770 716 in
789 663 839 717 illa
858 662 970 717 infantia
989 664 1063 718 artis.
1111 665 1253 735 Quocirca

269 753 327 792 rem
346 742 439 792 tenere
458 737 543 792 satius
557 737 615 805 erit,
637 743 664 792 et
677 740 842 809 argumentis
855 739 979 809 pluribus
995 741 1166 811 confirmare,
1189 760 1252 798 eum

269 829 324 868 non
343 820 448 868 tantum
468 813 593 868 notandis
607 814 709 882 naevis,
732 815 923 870 verumetiam
935 817 1048 885 urendo,
1069 819 1251 888 amputando,

269 891 371 959 luxata,
393 907 462 961 qnae
483 890 592 961 quidem
612 890 741 961 putabat,
763 892 820 945 suis
840 893 908 946 locis
933 894 1100 963 reponendo,
1121 895 1252 952 Homeri·

271 983 332 1022 eum
353 984 452 1038 corpus
472 967 618 1023 curavisse.
657 966 701 1020 Ac
714 968 829 1037 primum
843 969 903 1038 quis
917 969 1060 1038 existimet,
1080 989 1180 1026 versus
1194 989 1251 1040 eos,

270 1060 340 1115 quos
360 1043 520 1098 Eustatbius
541 1048 569 1099 et
589 1042 759 1100 scholiastae
780 1045 880 1113 passim
908 1063 941 1099 ex
964 1045 1023 1100 aliis
1043 1049 1252 1103 recensionibus

270 1121 382 1186 addunt,
402 1120 567 1190 posteriores
581 1136 674 1174 omnes
689 1137 748 1176 esse
762 1119 924 1176 Aristarcho
935 1120 993 1191 ⁴⁵)‘l
1017 1139 1050 1178 nc
1072 1125 1141 1193 quid
1161 1125 1247 1180 dicam

271 1309 331 1360 doto
354 1309 477 1376 primam,
502 1314 557 1358 tum
580 1305 612 1356 ab
630 1305 775 1356 Aristarcho
797 1305 892 1358 nimias
915 1309 1054 1372 putabatur
1076 1308 1244 1374 (ambitiosum

270 1375 455 1442 ornamentum)
474 1381 500 1426 et
517 1373 655 1442 ὴθετεῒτο,
675 1373 714 1432 ὡς
728 1369 870 1424 Ἡσιόδειον
890 1372 961 1444 ἔχων
971 1381 1142 1444 χαρακτῆρα
1154 1394 1178 1427 κ.
1192 1394 1213 1428 τ.
1226 1375 1250 1429 λ.

269 1444 319 1495 Ubi
337 1445 419 1495 obiter
437 1443 518 1503 vides,
536 1443 643 1507 spectari
657 1443 841 1509 Theogoniam,
853 1451 973 1509 tanquam
986 1447 1128 1511 genuinum
1141 1445 1252 1496 Carmen

270 1511 334 1563 vatis
352 1512 467 1563 Ascraei.
503 1510 597 1562 Mansit
615 1518 698 1562 tamen
717 1510 759 1561 hic
776 1512 847 1562 locns
865 1513 892 1561 in
912 1521 981 1563 textu
1002 1513 1161 1575 Aristarchi,
1182 1513 1253 1564 unde

270 1597 328 1632 aum
347 1582 374 1629 in
392 1580 556 1630 imitationem
580 1595 653 1630 suam
676 1579 753 1630 traxit
770 1579 902 1644 Virgilius.
936 1579 1002 1631 Nam
1024 1580 1056 1630 ab
1080 1580 1127 1630 illo
1151 1581 1253 1633 Critian

270 1649 414 1715 pendebant
430 1647 514 1698 Latini
532 1663 629 1698 omnes.
664 1646 703 1698 Ita
722 1647 842 1701 Ciceroni
859 1647 924 1714 Epp.
950 1650 983 1699 ad
1001 1648 1090 1702 Famil.
1109 1648 1144 1710 X,
1165 1651 1206 1704 13.
1226 1657 1255 1701 et

272 1717 391 1768 Straboni
410 1717 430 1766 Ι.
448 1733 473 1782 p.
493 1718 533 1769 17.
553 1732 603 1765 non
621 1714 757 1766 excidisset
779 1714 843 1765 illud
865 1717 897 1766 de
913 1712 1040 1783 Ὀδυσσῆϊ
1060 1715 1253 1786 πτολιπόρθῳ,

271 1786 322 1837 nisi
344 1786 417 1852 paeri
440 1785 466 1834 in
489 1783 584 1834 sobolis
608 1785 753 1844 audissent,
775 1782 949 1835 Aristarchum
972 1783 1138 1853 ὴθετηκέναι
1159 1803 1255 1837 versas

269 1871 350 1923 prope
367 1869 463 1912 omnes,
481 1851 526 1918 qui
550 1869 618 1902 nnnc
635 1847 754 1920 Ἀχιλλῆα
777 1849 959 1917 πτολίπορθον
983 1853 1085 1903 habent.
1120 1853 1178 1915 Quo
1201 1871 1256 1906 nos

270 1921 395 1991 probabili
412 1921 509 1971 ratione
527 1920 626 1972 ducunt
644 1919 747 1972 Scholia
766 1919 799 1969 ad
816 1919 844 1972 θ.
863 1923 922 1975 371.
946 1932 971 1972 et
989 1937 1070 1987 prox,
1094 1929 1148 1972 tnm
1172 1922 1207 1972 cd
1226 1937 1253 1973 ο.

271 1993 392 2053 ἔνθ-Π..
410 1988 483 2040 obelo
501 1994 604 2039 notatos
623 1997 726 2054 propter
744 1985 783 2038 τὰ
801 1985 875 2037 ἐκεῖ
896 1987 955 2038 οὐκ
977 1987 1171 2055 ἀναγκαίως
1192 2006 1253 2041 πικ-

271 2055 534 2125 λιλλοχούμενα,
553 2065 579 2107 et
596 2057 660 2110 alias
678 2073 781 2117 causas,
805 2056 831 2106 in
855 2059 948 2124 quibus
971 2058 1037 2108 baec
1061 2067 1173 2108 extrema
1196 2065 1253 2110 est:

271 2122 354 2196 θηαλν
374 2127 389 2177 ὁ
408 2122 653 2194 Ἀρίσταρχος,
671 2125 716 2176 ὅτι
732 2123 834 2191 οὐδαμῆ
853 2125 900 2175 τὸν
919 2123 1042 2194 Ἀχιλλέα
1066 2123 1254 2193 πτολίπορ·

270 2195 333 2246 θον
358 2191 482 2262 εἴρηκεν,
507 2190 575 2244 ἀλλὰ
598 2191 722 2262 ποόάρκη
745 2191 789 2244 καλ
810 2191 926 2262 ποδώκη.
965 2193 1054 2259 Neque
1076 2194 1254 2259 Aristarchus,

270 2273 300 2316 ut
322 2267 451 2331 suspicor,
475 2262 502 2312 id
524 2262 655 2328 epitheton
678 2265 775 2328 putarit
798 2263 931 2314 convenire
947 2262 1060 2323 Achilli,
1084 2263 1127 2327 qui
1150 2262 1253 2314 bellum

271 2333 410 2384 Troianum
427 2348 477 2382 non
497 2331 645 2382 confecerit.
674 2331 812 2398 Ignorabat
829 2345 889 2394 ergo
907 2340 953 2383 aut
970 2331 1107 2395 spernebat
1123 2331 1252 2382 venerem

270 2402 375 2467 interpr,
393 2417 434 2466 ap.
453 2398 569 2450 Eustath.
587 2416 611 2464 p.
629 2400 670 2452 91.
689 2401 747 2455 220.
784 2400 817 2451 At
836 2399 911 2449 etiam
929 2415 958 2465 φ.
976 2400 1036 2454 550.
1054 2397 1174 2450 Achilles
1186 2413 1251 2449 πτο-

271 2468 405 2536 λίπορθος
422 2477 468 2518 est.
503 2467 543 2518 lbi
561 2481 630 2517 mere
649 2465 735 2520 Schol.
749 2463 804 2518 ‘'Orr
821 2462 964 2525 πλεονάζει
982 2465 1024 2517 ἐπ’
1043 2464 1193 2522 ’θδοαοὲονς
1218 2466 1251 2517 τι)

271 2535 521 2605 πτολίπορθος·
542 2538 588 2587 νῦν
607 2533 638 2585 δὲ
661 2531 754 2592 ἅπαξ
774 2533 973 2602 ἐπ’Ἆχιλλέιος.
1007 2530 1038 2585 ‘H
1057 2532 1136 2600 διπλῆ
1161 2551 1181 2584 π
1212 2533 1253 2592 ὸς

271 2605 350 2665 τοὺς
365 2604 600 2676 χωρίζοντας·
619 2601 728 2662 τούτοις
744 2602 799 2671 γὰρ
825 2607 939 2686 ρῶνται.
972 2598 1070 2660 Τινὲς
1082 2601 1113 2652 ae
1125 2551 1252 2671 ’λχιλλέα

273 2671 416 2743 Πηλείωνα
433 2675 540 2724 ποιοῦσι
557 2673 709 2740 (corrigant)
720 2620 897 2730 ἔενιοθλντες
908 2671 981 2739 πρὸς
990 2669 1022 2722 τὸ
1036 2669 1173 2723 ἐπίθετον.
1201 2670 1251 2721 His

271 2744 359 2811 igitur,
378 2745 422 2809 qni
441 2743 478 2793 ita
495 2743 647 2803 sentiebant,
666 2740 734 2792 idem
751 2741 897 2792 faciendam
914 2740 963 2792 init
979 2740 1005 2790 in
1025 2757 1055 2790 ιο.
1074 2740 1132 2794 108.
1152 2746 1178 2790 et
1195 2739 1251 2790 lor-

272 2820 342 2865 tasse
359 2811 440 2862 catal.
457 2811 516 2865 235.
535 2811 618 2877 (728.)
636 2816 661 2860 et
679 2827 702 2860 ο.
720 2810 780 2864 384.

340 2895 374 2964 ⁴⁸)
394 2896 461 2947 Sunt
479 2896 542 2948 adeo
560 2897 585 2947 in
610 2896 665 2948 illis
689 2913 737 2947 vsa.
761 2895 891 2956 nonnulli,
917 2911 979 2960 quos
1003 2893 1137 2961 rhapsodis
1160 2893 1252 2944 eadem

272 2966 430 3086 tttt‘l
447 2964 560 3084 “lit
577 2963 1121 3084 'tertiatlimittit„
1134 2963 1253 3081 ‘liii'

273 3103 341 3165 108.,
359 3051 465 3154 ἰαίοολοι
483 3068 552 3168 poet,
565 3050 587 3152 λλ
605 3102 673 3162 433,
693 3107 718 3152 et
735 3101 799 3152 duos
816 3107 875 3166 post
893 3116 915 3149 ο.
928 3100 980 3161 30,
993 3050 1139 3151 Hesirhlicis
1152 3099 1248 3162 Theop.

272 3171 332 3226 498.
351 3178 376 3222 et
392 3171 449 3221 aliis
467 3169 560 3220 tabulis
578 3171 642 3220 satis
658 3169 766 3231 similes;
785 3176 840 3220 tum
857 3167 1010 3218 miserrimos
1023 3173 1075 3218 tres
1086 3174 1144 3234 post
1155 3165 1249 3230 odyss.

272 3237 297 3291 λ.
314 3238 382 3302 438,
400 3255 465 3306 quos
483 3237 589 3289 samarit
608 3237 692 3289 Schcl.
710 3235 825 3303 Euripid.
852 3235 943 3287 Plures
960 3235 1036 3286 huius
1047 3246 1130 3295 notae,
1141 3233 1181 3284 vel
1192 3232 1251 3284 sola

273 3305 326 3359 fide
343 3306 510 3360 diobolarium
529 3305 659 3368 codicum,
678 3305 792 3358 adscivit
808 3303 957 3365 Bamesins,
980 3303 1079 3371 priores
1101 3302 1201 3370 quidem
1222 3302 1253 3353 in

273 3390 297 3428 ν.
316 3381 342 3428 et
358 3393 381 3429 ο.
399 3374 475 3426 etiam
487 3373 606 3437 Decetia,
619 3373 779 3426 librariorum
796 3380 863 3425 totos
880 3388 968 3424 remus
986 3373 1157 3424 omittentinm
1168 3370 1252 3438 negli-

273 3444 384 3509 gentiam
407 3459 516 3510 querens
539 3449 566 3493 at
588 3459 666 3510 prava
688 3441 782 3494 indicia
803 3441 960 3493 criticorum.
999 3438 1078 3492 Recte
1101 3448 1251 3506 utrumque:

272 3510 324 3561 nisi
341 3513 388 3562 sub
406 3527 486 3562 unam
505 3510 654 3577 adspectum
671 3510 757 3579 posita
773 3509 869 3561 indicia
885 3525 968 3560 rernm
988 3507 1109 3559 aliorsum
1120 3507 1251 3560 flecterent

273 3578 386 3630 animum
404 3581 572 3646 suspicacem.
608 3579 663 3631 lam
681 3579 773 3631 rehem
791 3579 889 3642 audire,
907 3577 970 3644 qnid
987 3577 1060 3628 docte
1077 3577 1169 3628 mulier
1185 3575 1251 3627 ludi-
