2702 4124
629 271 821 326 ..56-

244 435 305 486 tota
331 435 421 485 mente
447 428 525 500 quasi
551 445 613 484 eum
637 427 691 482 illis
717 428 810 484 vivere
835 426 985 500 cogantll).
1035 428 1097 506 Qua
1126 445 1160 483 ex
1187 445 1219 484 re

240 507 325 562 etiarn
352 505 417 560 talia
444 505 577 577 quaedam
601 509 745 560 manarunt
770 505 891 560 solennia
910 505 983 575 apud
1002 508 1113 574 postas,
1142 521 1218 576 quac

244 589 304 638 orta
323 582 439 653 primum
459 599 473 638 e
494 588 570 638 certa
577 581 754 652 permensione
766 588 869 650 vatum,
888 599 961 636 nune
979 587 1087 636 sacrata
1106 593 1217 636 mastre-

238 659 329 713 tadiae
348 675 377 713 se
396 664 516 714 tuentur.
555 659 601 713 Ita
624 657 762 729 hodieque
788 658 942 729 longiorum
967 657 1123 713 Carminum
1147 674 1217 712 con-

240 734 343 790 ditores
357 734 480 804 eundem,
501 753 582 806 quom
602 734 685 806 prisci
706 735 747 788 illi
761 735 917 802 credebant,
939 735 1058 789 afflatum
1072 733 1216 788 Musarum

240 818 268 866 et
287 810 424 883 Apollinis
445 813 638 880 ementiuntur,
665 817 692 866 et
718 812 752 867 ab
780 811 814 866 iis
839 811 1007 880 numinibus,
1035 827 1105 882 quae
1130 827 1214 864 nemo

238 905 298 943 esse
318 889 413 957 credit,
434 889 531 943 doctos
551 906 580 944 se
602 889 677 942 edere
696 895 811 956 conatam,
835 905 890 943 non
909 887 1027 942 bumano
1048 903 1123 941 more
1139 887 1217 956 liqui

237 965 282 1020 vel
303 966 416 1020 cathem
435 965 578 1021 simulant:
599 981 632 1020 ex
653 981 707 1034 quo
727 966 781 1019 iam
800 965 820 1018 ii
840 981 950 1035 quoque
970 971 1083 1032 canant,
1110 962 1157 1033 qui
1177 981 1216 1018 ne

234 1043 416 1112 pronunciare
435 1042 545 1112 quidem
564 1047 638 1095 recte
658 1047 788 1111 possunt,
808 1047 892 1112 atque
911 1041 1048 1095 caditcree
1068 1040 1120 1095 sibi
1139 1039 1215 1094 iutu-

237 1135 282 1172 ros
304 1124 415 1188 sperant
434 1135 574 1187 versuum,
597 1119 644 1188 qui
664 1135 857 1188 nonnunquam
876 1117 929 1171 soli
950 1117 1124 1188 typographo
1146 1116 1214 1170 ecri-

238 1195 351 1264 bantur,
378 1200 405 1248 et
430 1195 464 1250 ab
491 1195 539 1250 illo
565 1195 696 1249 duntaxat
721 1194 877 1265 syllabatim
897 1195 1027 1263 tepenter.
1068 1192 1123 1247 Sed
1142 1192 1215 1247 haec

240 1277 268 1326 et
287 1270 372 1325 multo
392 1270 488 1340 plura,
515 1271 615 1341 quibus
634 1277 744 1326 nostrae
763 1270 887 1341 po'etieae
907 1270 977 1324 ratio
998 1276 1026 1324 et
1045 1287 1090 1324 ars
1109 1269 1144 1323 ab
1165 1285 1214 1322 an-

238 1348 316 1418 tiqua
333 1343 489 1415 γνησιότητι
508 1347 613 1415 differt,
637 1345 680 1402 ab'
692 1348 751 1402 aliis
771 1346 907 1418 magistris
927 1345 1118 1418 cognoscenda
1137 1351 1212 1399 sunt.

237 1423 372 1495 Spernent
397 1423 491 1479 licebit
517 1424 567 1478 bas
592 1424 711 1496 argutias
738 1430 860 1490 nostras,
888 1423 1042 1493 quicunque
1061 1423 1215 1476 Homerum

237 1500 359 1554 iudicare
378 1506 516 1570 nequeunt
535 1501 586 1554 nisi
613 1518 646 1556 ex
670 1501 771 1555 nostris
797 1501 925 1572 ingeniis,
952 1500 1047 1553 modo'
1062 1499 1213 1565 fateantur,

238 1576 352 1631 diversis
371 1577 512 1630 sententiis
531 1577 658 1632 addictos
682 1595 731 1632 nos
751 1595 805 1632 non
825 1577 978 1632 temeritate
998 1575 1061 1630 duci
1081 1575 1117 1629 ad
1132 1573 1215 1630 aliter

236 1652 418 1708 iudicandum.

313 1729 371 1786 Nee
391 1746 457 1784 vero
479 1729 559 1784 nobis
579 1729 645 1801 ipsis
666 1730 796 1786 credibile
816 1736 895 1797 esset,
916 1729 1044 1788 Carmina
1063 1747 1080 1784 a
1100 1729 1213 1785 vatibus

237 1812 265 1862 et
284 1806 439 1862 memoriter
459 1807 611 1876 composita
631 1813 658 1863 et
678 1807 757 1861 unius
777 1808 922 1862 memoriae
942 1806 1089 1861 ministerio
1110 1822 1212 1876 propa·

237 1889 302 1955 gata
321 1901 389 1951 esse,
411 1883 552 1953 (nonnulla
572 1885 642 1938 enirn
661 1902 715 1938 non
736 1890 799 1939 sunt
819 1883 975 1951 credibilia,
1001 1900 1071 1952 quac
1094 1881 1213 1938 historia

237 1960 312 2030 cogit
332 1959 464 2032 credere)
484 1978 572 2030 neque
591 1961 711 2026 mirarer,
732 1962 755 2015 si
776 1961 836 2031 quis
856 1960 900 2015 vel
920 1960 965 2013 uni
983 1959 1104 2013 Homero
1126 1975 1209 2030 quen·

236 2036 300 2090 dam
319 2052 397 2088 usum
417 2037 554 2092 scribendi
574 2033 602 2085 ἐν
621 2034 788 2102 ἀποῤῥήτοις
809 2037 893 2091 fuisse
919 2036 1048 2107 fingeret,
1074 2036 1127 2090 nisi
1152 2035 1212 2088 vnl-

234 2111 390 2182 gatissimns
411 2112 476 2166 olim
495 2130 554 2167 mos
577 2113 710 2167 recitandi
730 2120 758 2168 et
779 2115 864 2168 omnis
884 2112 998 2166 historia
1010 2111 1212 2183 rhapsodorum

235 2187 483 2258 argumentationes
509 2195 537 2244 ct
563 2189 682 2244 rationes
709 2196 816 2245 nostras
841 2190 1001 2262 gravissime
1027 2188 1209 2243 confirmaret.

234 2264 269 2318 Iu
289 2264 336 2317 illa
355 2269 446 2318 autem
466 2272 509 2319 est
528 2267 658 2334 maxime,
679 2266 752 2336 quod
773 2267 916 2336 scrupulos
923 2307 930 2334 ,
960 2266 1059 2336 quibus
1082 2282 1211 2320 assensus

236 2341 388 2407 cohibetur,
408 2342 516 2410 penitus
537 2359 570 2396 er
590 2342 686 2397 animis
707 2343 815 2398 evellat.
855 2343 944 2397 Docet
957 2343 1036 2410 enim,
1058 2358 1112 2411 quo
1127 2347 1210 2413 pacto

235 2416 294 2471 fieri
315 2418 443 2487 potuerit,
465 2424 495 2472 nt
515 2425 590 2474 aetas
611 2415 707 2466 ἀοιδῶν
728 2419 898 2489 scriptoriam
919 2426 1005 2473 artem
1024 2419 1069 2473 vel
1089 2435 1144 2472 non
1163 2417 1209 2472 de-

235 2492 376 2560 sideraret,
398 2500 542 2564 antequam
564 2494 687 2551 Graecae
706 2495 817 2566 linguae
837 2501 933 2566 aptata
946 2502 1026 2564 essct,
1047 2494 1099 2562 vel,
1125 2511 1209 2565 quum

234 2569 290 2623 iam
310 2570 363 2624 coli
382 2571 529 2640 coepisset,
555 2571 628 2642 ligno
650 2580 677 2628 et
696 2573 756 2627 aliis
778 2571 980 2642 operosioribus
1000 2570 1097 2626 massis
1117 2588 1206 2641 aequo

236 2645 324 2700 animo
345 2646 517 2716 relinqueret.

303 2858 336 2923 ω)
354 2860 420 2912 Hinc
437 2861 562 2913 voeabula
579 2879 610 2913 ex
626 2864 675 2914 boc
692 2863 758 2914 civili
775 2864 844 2914 cultu
862 2869 914 2913 tam
932 2878 990 2912 rara
1011 2867 1072 2912 sunt
1093 2863 1121 2911 in
1144 2860 1211 2927 opti-

236 2928 285 2979 mis
307 2929 397 2994 poetis.
433 2929 499 2980 Hinc
517 2930 641 2997 Virgilius
664 2934 690 2981 in
708 2931 837 2993 Aeneide,
860 2929 908 2981 etsi
924 2929 1083 2980 Homericam
1107 2928 1211 2980 sinceri-

235 3003 314 3048 tatem
331 3005 438 3048 naturaa
454 3000 483 3049 in
500 2998 618 3064 plurimis
636 2999 711 3051 rebus
730 3017 780 3050 non
798 2999 954 3064 assequitur,
977 2999 1113 3063 omniaque
1135 2997 1212 3047 habet

235 3063 365 3128 fucatione,
384 3081 509 3131 nusquam
526 3067 689 3133 scripturam,
707 3077 732 3119 et
750 3084 815 3134 quae
832 3068 865 3118 ad
883 3083 938 3116 eam
957 3068 1091 3132 pertinent,
1112 3081 1210 3116 memo·

235 3140 280 3184 rat.
315 3134 404 3199 Neque
422 3143 507 3184 tamen
525 3151 576 3185 uno
593 3136 649 3186 loco
667 3139 727 3186 satis
744 3137 808 3187 cavit
825 3135 905 3187 levem
927 3150 1042 3194 errorem,
1060 3135 1086 3182 in
1100 3131 1210 3199 Sibylla,

239 3199 361 3250 Carmina
378 3200 406 3250 irs
418 3200 493 3268 soliis
510 3202 664 3254 describente
680 3203 745 3253 notis
761 3211 785 3256 et
802 3202 944 3253 nominihus
961 3201 1008 3262 ΙΠ,
1026 3201 1084 3255 443.
1103 3201 1148 3262 Vl,
1168 3202 1210 3255 74.

235 3267 249 3318 1
266 3287 340 3332 nunc,
360 3276 386 3320 ct
404 3269 521 3335 Gorgiae,
540 3271 638 3333 Ovidio,
657 3273 782 3338 'tragicis
801 3272 935 3338 Virgilium
953 3271 1018 3322 adde
1035 3269 1212 3337 gravissimum

236 3341 337 3400 testem,
356 3337 450 3404 quippe
468 3347 617 3405 perpetuum
635 3340 740 3416 Homeri
758 3341 918 3410 imitatorem.
