2702 4124
671 331 862 384 ..qq-

359 488 488 558 Quamvis
508 505 573 543 vero
594 487 662 562 artis
680 487 761 542 huius
781 505 880 544 nomen
899 489 1025 545 videatur
1043 490 1181 560 posterius
1196 505 1257 544 esse

281 567 411 633 Homero,
430 568 490 634 ipsa
510 583 553 619 ars
577 571 606 620 et
630 564 763 634 professio
788 565 842 619 iam
867 566 1059 636 antiquissimis
1085 566 1256 636 temporibus

280 642 380 712 viguit,
408 655 440 696 ac
458 643 544 696 multo
566 648 624 696 tum
649 659 730 711 quam
755 641 871 712 posthac
896 643 948 696 fuit
974 643 1113 698 illustrior.
1155 643 1256 713 Quoad

281 719 350 773 onim
372 735 517 788 paucorum
539 724 609 786 erat,
636 719 766 772 memoria
791 719 934 788 complecti
959 720 1088 774 maiorem
1112 737 1255 774 nnmerum

281 793 443 864 danninum,
463 794 582 849 nondum
601 795 701 863 apertis
715 795 796 861 ludis,
818 796 916 864 quibus
930 797 977 850 illa
989 797 1067 866 pueri
1081 796 1254 866 docerentur,

279 889 388 943 unoque
407 889 507 943 genere
528 871 702 937 eruditorum,
724 872 807 927 sacris
828 871 953 940 vatibus,
980 880 1040 926 tota
1060 871 1179 928 Graecia
1204 872 1255 926 cir-

279 949 413 1017 cumlatis,
434 949 515 1003 etiam
535 965 591 1016 eos,
613 948 660 1018 qui
681 948 790 1010 illorum
810 965 894 1018 opera
912 951 940 1002 in
960 949 1084 1003 notitiam
1104 948 1180 1019 vulgi
1193 965 1254 1019 per·

278 1025 410 1094 ferebant,
431 1026 577 1095 praecipuo
598 1023 702 1078 honore
721 1024 817 1081 haberi
838 1032 1049 1080 consentaneum
1069 1025 1129 1080 fuit
1161 1025 1254 1095 Quen·

278 1102 465 1172 quamprimo
486 1101 594 1172 quidem
616 1107 707 1156 vatem
727 1118 862 1172 quemque
882 1101 940 1156 fere
959 1103 1063 1156 nonnisi
1089 1119 1139 1155 sua
1165 1102 1254 1156 divul-

277 1195 371 1249 gasse,
393 1179 437 1232 vel
457 1196 489 1233 ex
510 1195 541 1233 eo
563 1185 685 1247 apparet,
708 1180 781 1248 quod
803 1178 981 1248 rhapsodioae
1001 1179 1177 1249 professionis
1197 1179 1252 1233 He-

277 1255 369 1308 siodus
389 1262 438 1309 aut
456 1254 555 1324 aliquis
576 1255 645 1308 alius
667 1256 779 1325 suppari
799 1261 889 1310 aetate
909 1263 1005 1309 auctor
1024 1253 1251 1326 nuncupaturiff).

275 1329 345 1384 Mox
365 1336 455 1384 autem
476 1331 538 1390 inde
560 1349 575 1386 a
590 1332 751 1401 Terpandro
772 1330 872 1386 Lesbio
887 1331 995 1403 Olymp.
1010 1330 1150 1385 XXXIV.
1164 1349 1252 1402 usque

276 1406 311 1461 ad
326 1406 496 1478 Cynaethum
512 1407 617 1475 Chium,
631 1408 807 1462 excellentem
817 1407 845 1461 in
859 1408 951 1477 primis
964 1408 992 1462 in
1005 1414 1063 1462 arte
1077 1425 1126 1462 sua
1140 1407 1250 1480 Olymp.

275 1482 395 1551 LXIX,
421 1485 530 1538 cosdem
551 1501 604 1537 non
630 1485 719 1538 aliena
739 1491 843 1538 tantum
863 1485 911 1538 sed
937 1485 1018 1538 etiem
1043 1485 1156 1554 propria
1183 1485 1250 1540 ceci·

275 1560 360 1627 nisse,
381 1560 538 1629 nullumque
559 1577 646 1630 prope
667 1560 750 1614 fuisse
771 1560 950 1630 rhapsodum,
975 1563 1039 1630 quin
1059 1561 1130 1614 idem
1150 1562 1250 1632 proba-

275 1635 338 1690 bilis
359 1639 440 1705 po'e'ta
460 1642 542 1705 esset,
564 1637 705 1691 manifesta
724 1637 855 1691 historiae
867 1637 982 1706 vestigia
995 1643 1121 1707 arguunt.
1156 1637 1250 1709 Atque

275 1729 308 1766 ex
333 1711 386 1766 hoc
413 1712 514 1766 sactum
544 1730 604 1768 esse
629 1720 712 1783 puto,
739 1721 769 1767 ut
793 1721 848 1767 tam
875 1715 961 1768 multa
986 1713 1112 1769 Carmina
1140 1714 1249 1768 illorum

273 1795 433 1858 temporum,
455 1789 618 1845 oblitteratis
639 1789 846 1859 rhapsodorum,
868 1791 996 1860 aquibus
1010 1790 1135 1844 confecta
1149 1797 1247 1860 essent,

273 1866 441 1934 nominibus,
470 1884 553 1937 quum
578 1868 613 1922 ab
639 1866 696 1920 aliis
722 1874 749 1920 et
773 1867 834 1922 aliis
861 1867 974 1922 subinde
1006 1866 1092 1937 repeti
1118 1867 1246 1936 solerent,

273 1942 381 1996 tandem
402 1942 476 1997 falsis
497 1945 654 2000 auctoribus
675 1943 811 2013 assignata
832 1949 860 1998 et
879 1944 914 1998 ad
934 1950 1082 1999 extremum
1106 1948 1246 2001 ἀδέσποτα

272 2019 514 2074 circumferrentur.

686 2229 827 2306 XXIV.

346 2384 405 2438 Iam
425 2386 475 2440 etsi
495 2385 606 2441 Homeri
627 2405 695 2442 aevo
715 2405 865 2458 perpaucae
881 2395 953 2443 artes
968 2396 995 2443 et
1009 2390 1119 2460 opificia
1133 2409 1149 2446 a
1164 2391 1242 2446 certis

270 2460 424 2516 hominibus
444 2463 647 2530 tractabantur,
673 2472 791 2518 attamen
812 2481 855 2519 ars
878 2471 977 2522 ἀοιδῶν
1000 2473 1056 2520 tum
1076 2485 1131 2520 non
1156 2469 1242 2522 minus

270 2538 413 2608 peculiaris
434 2538 486 2592 luit
508 2557 588 2610 quam
613 2541 684 2594 fabri
709 2548 756 2594 aut
781 2541 869 2611 figuli,
896 2559 975 2612 quam
1000 2543 1099 2597 medici
1124 2551 1173 2598 aut
1197 2543 1241 2596 ha-

271 2613 390 2685 rioli⁶⁷)‚
421 2615 553 2670 horrorem
578 2625 669 2672 autem
693 2617 808 2687 publice=
829 2619 1009 2689 privatimque
1034 2618 1131 2673 habuit
1160 2621 1241 2691 longe

201 2686 208 2696 ’
270 2693 423 2745 maximum.
464 2691 528 2746 Sive
549 2693 665 2747 enimin
686 2694 793 2763 oppidis
817 2695 872 2748 suis
898 2697 1056 2762 manebant,
1084 2696 1141 2750 sive
1167 2697 1242 2750 varia

268 2768 345 2835 loca,
371 2768 537 2838 populorum
564 2775 712 2824 conventus
738 2788 886 2840 regumque
914 2772 1007 2841 epulas
1034 2772 1161 2840 obibant,
1188 2773 1241 2827 cari

270 2843 322 2896 diis
342 2849 369 2898 et
389 2845 560 2900 venerabiles
582 2846 736 2900 hominibus
756 2846 934 2902 habebantur.
973 2849 1077 2902 Eadem
1097 2848 1241 2919 rhapsodis

269 2919 399 2990 dignatio,
422 2921 516 2974 eadem
537 2922 595 2976 vita
616 2923 682 2990 fuit,
709 2923 858 2978 donceres
883 2925 981 2978 sensim
1006 2942 1067 2978 cum
1092 2925 1190 2980 studiis
1216 2932 1242 2980 et

268 2997 388 3050 moribus
408 2996 547 3051 hominum
569 2999 720 3070 immutata,
741 3005 777 3066 et,
798 3007 910 3071 argento
932 3003 1105 3056 certaminum
1119 3003 1240 3072 praemio

334 3208 368 3275 ⁸⁶)
388 3208 482 3260 Nioool.
503 3227 543 3276 ap.
562 3209 646 3261 Schol.
664 3210 738 3262 Pind.
757 3212 775 3261 l.
793 3227 814 3261 o.
831 3219 858 3262 et
875 3212 968 3264 Athen.
988 3213 1007 3262 l.
1023 3231 1044 3265 c.
1064 3211 1240 3280 Exploratiora

267 3278 417 3329 haberemus
435 3279 466 3328 de
483 3278 532 3328 hec
549 3279 617 3328 omui
634 3295 669 3341 re,
688 3279 710 3330 si
728 3280 820 3345 scripta
831 3279 949 3346 Dionysii
961 3283 1058 3347 Argivi,
1074 3281 1239 3342 Timomachi,

266 3345 439 3412 Hippoetrati,
464 3347 615 3409 Aristoclis,
638 3347 796 3399 Menaechmi
821 3347 991 3415 aliorumque,
1016 3350 1048 3400 ab
1070 3349 1120 3400 illis
1140 3349 1239 3401 duobus

266 3413 378 3475 laudate,
396 3423 567 3481 superessent.

334 3500 366 3564 ⁶⁷)
389 3500 457 3552 Vide
480 3501 571 3568 Odyse.
598 3517 625 3568 ρ.
648 3501 705 3556 383.
728 3519 783 3568 sqq.
807 3501 913 3556 Hesiod.
930 3497 1003 3571 Ἔργ.
1029 3503 1070 3559 25.
1094 3503 1190 3570 Hymn.
1212 3501 1239 3554 iu

266 3565 353 3634 Apoll.
373 3569 431 3622 165.
446 3585 505 3664 ¹sqq.
526 3579 571 3621 etc
