2702 4124
492 306 691 389 ¹--eo—

97 464 190 519 ditem
210 463 332 520 Homero
351 483 408 521 rem
429 465 516 522 videri
535 465 619 522 luisse
638 464 747 520 minime
773 464 863 520 sinunt
888 464 1075 520 similitudines

96 541 132 596 Il.
156 555 179 594 ν.
200 539 264 598 679.
285 559 346 613 sqq.
372 548 401 598 et
421 541 521 614 Odyss.
542 559 566 598 ε.
587 541 652 600 371.
690 542 764 598 Usus
791 558 852 596 sum
876 542 918 596 his
946 543 1076 614 exemplis

95 617 280 688 potissimum,
301 619 366 690 quia
384 619 536 682 luculenter
558 620 714 685 ostendunt,
741 617 806 688 quid
833 618 904 674 inter
928 619 1022 690 ignota
1048 624 1078 674 ct

95 694 186 766 vulgo
206 695 307 750 usitata
326 696 441 764 intersit,
462 702 490 751 et
509 714 592 767 quam
611 695 780 750 considerate
809 701 942 765 cauteque
971 695 1075 750 coniec-

94 771 212 824 tandum
232 772 267 826 sit
282 772 322 826 de
340 772 488 842 primarum
511 773 696 828 inventionum
716 778 744 826 et
764 789 869 826 morum
895 771 1075 826 successibus.

94 847 186 918 Finge
206 847 289 918 igitur
307 857 399 904 vatem
419 851 519 906 alicubi
539 849 573 904 de
598 851 708 904 invento
729 846 824 902 Cadmi
851 865 900 903 seu
919 847 1075 903 Palamedis

96 923 202 978 diserte
222 925 351 994 locutum,
373 925 417 980 vel
438 927 599 981 commercia
618 925 803 996 epistolarum,
823 924 948 994 primum,
968 930 999 978 ut
1017 925 1076 995 ple·

92 1000 190 1070 risque
209 1001 326 1070 videtur,
346 1002 528 1057 rudimentum
548 1002 693 1072 scribendi,
715 1009 847 1072 tanquam
865 1002 1004 1072 vulgatam
1018 1017 1076 1055 rem

93 1083 228 1132 testatum
254 1094 329 1132 esse:
353 1096 418 1132 num
445 1096 479 1134 ex
504 1096 537 1135 eo
564 1080 630 1135 satis
655 1085 798 1150 appareat,
829 1077 910 1133 etiam
935 1077 1075 1133 volumina

94 1152 255 1208 carminum
274 1155 358 1209 scribi
377 1157 460 1210 moris
480 1154 587 1210 fuisse?

176 1226 231 1285 Sed
252 1233 299 1301 qui
320 1231 375 1286 duo
395 1239 458 1286 suut
477 1232 550 1303 apud
570 1232 721 1288 Homerum
739 1232 803 1302 loci,
827 1233 855 1286 in
875 1231 974 1303 quibus
987 1231 1074 1285 simile

95 1305 229 1375 quiddam
246 1308 399 1378 scripturae
413 1310 554 1379 reperitur,
576 1316 704 1363 accurata
722 1309 909 1379 interpretatio
923 1308 1003 1362 facile
1017 1308 1074 1362 vin·

94 1388 152 1452 cet,
176 1400 222 1437 cos
242 1401 296 1438 non
316 1385 402 1454 magis
423 1385 457 1440 de
477 1385 611 1456 scriptura
624 1385 799 1456 accipiendos
812 1403 882 1455 esse,
902 1403 984 1456 quam
1004 1385 1074 1440 cele·

91 1459 172 1519 brem
199 1461 276 1514 illum
301 1458 481 1533 Ciceronis⁴³)
508 1463 542 1516 de
566 1462 752 1534 typographia
777 1469 879 1517 nostra.
928 1462 1022 1532 Atque
1046 1460 1074 1515 in

91 1536 183 1590 altero
204 1537 314 1607 quidem
333 1538 405 1606 loco,
425 1538 459 1592 ll.
479 1559 506 1610 η.
529 1538 593 1596 175.
614 1557 691 1609 sqq.,
712 1539 766 1594 cito
787 1545 982 1593 conventurum
1002 1537 1073 1592 arbi-

90 1618 154 1666 tror
174 1613 245 1667 iuter
266 1631 372 1682 omnes,
392 1615 459 1669 nihil
478 1615 582 1682 inesse,
610 1615 683 1684 quod
705 1616 829 1671 alterutri
848 1616 921 1686 parti
939 1614 1073 1685 proficiat.

89 1688 269 1744 Describitur
288 1691 327 1746 ibi
348 1691 445 1746 modus
465 1691 595 1746 sortiendi
615 1692 714 1746 illustri
735 1692 854 1763 quodam
868 1691 1001 1762 exemplo,
1025 1691 1074 1746 sed

90 1764 142 1834 ita,
166 1773 198 1819 ut
218 1767 304 1822 omnis
324 1769 443 1822 narratio
464 1769 608 1838 reclamet,
632 1786 666 1824 ne
687 1769 804 1823 animum
825 1768 923 1823 subeat
942 1767 1072 1837 cogitatio

89 1842 255 1897 litterarum.
288 1844 358 1901 Nam
379 1847 503 1918 νήματα,
522 1846 621 1914 quibua
640 1851 754 1900 utuntur
772 1845 885 1912 herode,
903 1840 1075 1910 χαράγματα

91 1935 169 1987 csse,
197 1920 255 1974 sive
275 1920 353 1991 signa
371 1920 527 1990 arbitraria,
553 1922 628 1992 ligno
653 1922 698 1976 vel
725 1921 772 1975 alii
796 1921 885 1975 inutili
910 1921 949 1976 rei
969 1920 1045 1974 addit
1034 1926 1072 1989 te,

76 1995 220 2058 ,manifest
221 2014 266 2050 um
287 2003 328 2052 est
348 2013 381 2052 ex
401 2014 443 2066 eo,
464 1999 537 2068 quod
559 2015 628 2067 sors,
642 2014 711 2067 quae
731 1999 810 2069 galea
830 1997 904 2066 exiit,
925 1997 1073 2051 aureum·

90 2078 175 2127 eunte
195 2090 331 2142 praecone
350 2074 494 2144 unicuique
511 2073 950 2145 agnoscendademonstraturfl).
981 2074 1074 2143 Quare

90 2149 173 2204 verbi
195 2144 357 2215 ἐπιγράφειν
384 2168 409 2204 v.
438 2150 502 2208 187.
523 2151 619 2206 eadem
645 2151 805 2221 significatio
831 2152 867 2206 sit
890 2167 1001 2207 necesse
1023 2156 1072 2218 est,

92 2242 166 2295 quae
187 2225 254 2279 alibi
275 2224 376 2298 ubique
397 2233 447 2296 est,
467 2227 590 2282 fodiendi
603 2245 652 2282 seu
666 2229 813 2318 scalpendi.
845 2227 946 2282 Sensus
960 2191 1072 2281 alteriui

91 2302 158 2370 loci,
181 2300 204 2358 ζ.
227 2306 291 2360 168.
313 2323 383 2375 sqq„
403 2303 559 2374 impeditior
572 2304 661 2358 faetus
675 2311 717 2360 est
731 2305 822 2372 ab''11s‚
844 2304 890 2374 qui
910 2320 999 2358 mores
1012 2301 1071 2355 Ho-

90 2379 209 2433 mericos
229 2397 283 2434 uon
305 2380 408 2435 discere
421 2381 457 2436 ab
478 2380 540 2448 illo,
561 2381 609 2436 sed
629 2381 656 2434 in
676 2399 737 2436 eum
757 2382 865 2450 inferre,
887 2386 914 2434 et
933 2395 1004 2450 vagu
1025 2395 1072 2433 vo-

91 2456 195 2549 cabula
216 2456 251 2510 ed
272 2457 494 2512 cousuetudinem
514 2457 557 2512 eui
576 2457 679 2512 saeculi
699 2463 829 2528 torquere
853 2457 987 2512 solebant.
1026 2453 1072 2510 Ac

160 2643 196 2709 ⁴⁸)
214 2646 254 2694 De
271 2643 328 2696 Nat,
345 2643 422 2696 Deor.
441 2644 475 2705 ll,
493 2646 535 2714 37.

160 2729 194 2796 ⁴⁴)
213 2730 263 2780 Hic
281 2731 438 2782 subnotanda
456 2737 495 2781 est
517 2731 604 2796 paullo
629 2739 689 2783 ante
713 2731 838 2799 promisse
865 2733 931 2782 ratio
949 2729 1071 2782 recentio-

90 2799 127 2851 ris
149 2798 337 2849 scholiastae
330 2798 526 2849 rnVen.Cod.
549 2798 759 2860 B.adv.185.,
787 2800 931 2850 suavissimi
953 2798 1071 2850 hominis

88 2867 144 2918 Nos
164 2883 244 2918 unum
262 2866 424 2932 alphabetum
442 2866 548 2918 moleste
565 2871 728 2934 quaerimus3
752 2835 797 2918 ille
814 2875 851 2918 tot
870 2869 948 2918 habet
965 2867 1070 2928 diversa,

90 2944 155 3003 quot
172 2935 275 2985 morunt
291 2935 381 3002 populi
400 2935 537 2996 Graeciae,
561 2935 588 2988 iu
607 2954 687 3003 eoque
706 2953 808 2987 causam
827 2936 910 2999 videt,
928 2952 972 2986 cur
989 2952 1068 2984 uuus-

89 3007 202 3070 quisque
220 3004 325 3054 heroum
348 3002 448 3053 nonnisi
472 3020 542 3053 suam
567 3022 669 3056 manum
696 3007 804 3070 agnorit.
846 2971 950 3054 Rebilus
974 3003 1069 3052 dudum

90 3075 179 3124 editus
199 3067 285 3122 brevis
299 3071 396 3131 Schol,
414 3089 430 3121 a
448 3070 637 3124 melioribusb
656 3073 674 3124 1.
691 3075 802 3132 edoctus,
821 3070 853 3120 οὐ
863 3070 1012 3139 γράμματα
1025 3071 1070 3120 ced

89 3137 226 3209 γραμμάς
241 3155 318 3195 τινας
335 3107 446 3221 intelligi
464 3139 540 3190 iubet.
583 3142 683 3206 Optime
708 3144 825 3204 antiquus
849 3139 937 3190 Sobel.
955 3139 1017 3190 (lod.
1035 3135 1069 3187 A.

90 3211 124 3260 ad
143 3225 168 3258 v.
190 3210 248 3262 187
286 3204 322 3256 θό
346 3222 484 3324 ραμμασι
496 3223 547 3290 της
564 3207 680 3272 λέξεως,
701 3206 757 3259 ἀλλ
782 3207 831 3292 erg
832 3205 939 3275 αράξας
958 3204 1066 3273 σημεῖα·

92 3275 117 3326 εἰ
142 3275 209 3361 γὰρ
215 3277 310 3332 κοινῶς
346 3275 429 3325 dcccv
447 3273 611 3342 γράμματα,
635 3275 690 3328 ἔδει
714 3276 760 3326 τὸν
785 3225 890 3344 κηροκα
913 3274 1068 3340 ἀναγνῶναι

91 3344 136 3396 καὶ
163 3343 232 3400 τοὺς
249 3339 359 3406 ἄλλους,
383 3340 426 3401 οἷς
447 3343 618 3397 ἐπεδείκνυτο
641 3345 656 3395 ὁ
678 3343 786 3428 κλῆρος.
822 3345 886 3394 Item
904 3343 1021 3394 Eustath.
1040 3358 1065 3406 p.

91 3416 152 3467 674
170 3415 213 3468 35.
244 3410 281 3462 06
298 3411 449 3480 γράμματα
467 3413 579 3479 νοητέον
598 3411 632 3471 ἐξ
647 3411 772 3498 ἀνάγκης
782 3409 936 3462 τὰτοιαῦτα
972 3408 1065 3471 ματα,

92 3477 193 3531 εἴδωλα
216 3479 247 3530 δέ
270 3497 330 3531 τινα
350 3479 369 3606 2
394 3478 487 3536 ἁπλῶς
511 3480 688 3544 ἐκτοπώματα
706 3479 772 3530 ἐν
760 3479 962 3548 οποκειμένῳε
946 3423 1066 3541 olrelei,

91 3547 198 3618 λιθιδίῳ
215 3548 295 3617 τυχὸν
314 3549 332 3616 ἢ
368 3547 472 3618 οληφίῳ
489 3547 507 3616 ἢ
525 3550 639 3620 τοιούτῳ
656 3548 717 3601 τινί

119 3599 202 3684 Wolf,
220 3634 389 3684 Prolegomeua.
779 3695 782 3702 Ι
901 3631 915 3672 4
