2702 4124
550 265 831 344 '-2a-

253 472 320 536 quot
341 464 516 522 Grammatioi
537 467 758 535 introduxerunt3
784 485 834 521 nos
853 473 944 522 eutem
965 485 998 522 ne
1018 469 1091 521 illius
1112 466 1225 536 quidem

252 549 357 609 textus,
388 561 468 613 quem
498 544 544 596 diu
570 544 682 598 maxime
708 545 854 613 antiquitas
881 545 1023 614 probavit,
1052 543 1226 598 Aristarchei

255 619 405 688 exemplum
420 620 550 675 habemus
564 622 706 689 integrum,
728 621 775 673 sed
793 622 921 689 proximis
941 640 958 676 a
979 619 1042 674 Chr.
1062 625 1127 675 nato
1147 626 1227 674 aeia·

253 695 325 749 tibus
351 696 439 750 denno
465 699 633 767 recognitum
660 703 687 750 et
711 697 746 751 ad
771 698 907 751 variorum
932 697 1094 752 Criticorum
1122 697 1228 751 iudicia

253 772 382 842 relictum,
404 781 540 843 postremo
555 775 634 827 novis
655 775 767 828 maculis
788 791 836 842 per
855 775 1007 844 ingruentia
1027 775 1144 833 barbara
1164 790 1225 827 see-

254 849 315 904 cule
333 849 504 919 adspersum:
531 867 619 904 nonne
645 868 678 904 ex
704 850 746 903 his
766 852 848 904 rebus
870 851 1050 921 colligendum
1071 857 1125 917 est,
1148 850 1226 918 quod

252 926 306 979 iem
331 926 394 979 olim
421 926 585 981 confidenter
611 925 709 996 dium),
737 928 820 980 multo
845 929 925 983 aliem
946 927 1066 980 Lucretii
1093 927 1137 980 vel
1157 927 1228 980 Vir·

253 1003 311 1072 gilii
330 1009 413 1072 atque
433 1002 547 1057 Homeri
567 1020 625 1056 esse
641 1002 842 1073 integritatem?
874 1005 916 1057 De
937 1003 1045 1058 diversa
1058 1010 1148 1057 eutem
1170 1002 1228 1071 pri-

253 1096 359 1132 scarum
378 1081 485 1133 illerum
506 1086 534 1133 et
548 1079 794 1135 Alexandrinarum
816 1081 963 1134 editionum
978 1081 1132 1134 conditione
1152 1095 1228 1132 nunc

252 1154 279 1207 id
301 1174 382 1208 unum
403 1163 514 1225 tangere
534 1157 640 1222 sufficit,
663 1158 736 1226 qnod
756 1158 829 1226 apud
843 1157 1048 1226 Hippocratem,
1070 1157 1227 1221 Platonem,

252 1230 429 1286 Aristotelem
454 1239 481 1286 et
507 1234 575 1287 alios
596 1235 672 1287 istius
697 1235 795 1288 aetatis
816 1234 962 1302 scriptores
988 1251 1042 1286 non
1063 1233 1150 1286 solum
1171 1231 1229 1284 sin-

253 1307 377 1378 gulorum
399 1309 543 1362 verborum
564 1311 723 1377 varietates,
746 1310 794 1363 sed
815 1310 896 1364 etiem
915 1311 1007 1380 plures
1027 1310 1145 1379 insignes
1164 1324 1228 1361 ver-

253 1401 299 1438 sus
319 1384 446 1454 legimus,
476 1403 590 1454 quorum
611 1403 661 1440 nec
687 1387 715 1439 in
737 1392 813 1440 textu
833 1393 940 1454 nostro,
961 1404 1011 1440 nec
1030 1386 1059 1438 in
1078 1382 1228 1438 Eustathio

253 1462 458 1531 veterrimisquc
473 1471 501 1516 et
511 1463 674 1516 doctissimis
692 1462 808 1516 Scholiis
823 1463 906 1516 ullum
921 1463 1046 1516 indicium
1062 1466 1184 1531 superest
1193 1459 1229 1528 7).

322 1670 343 1736 ⁶)
362 1671 402 1721 Ad
420 1670 525 1722 Hesiodi
545 1671 639 1738 Theog.
659 1691 683 1738 p.
702 1675 743 1728 57.

322 1757 343 1816 ⁷)
361 1757 389 1807 In
408 1758 473 1808 libro
492 1755 556 1826 περὶ
574 1753 698 1826 ἄρθρων,
723 1759 767 1825 qui
784 1759 833 1810 nisi
851 1759 1022 1826 Hippocratis,
1040 1760 1230 1826 Hippocratcae

253 1834 320 1883 certe
342 1835 387 1877 aut
411 1827 541 1892 proximae
566 1829 656 1878 aetatis
680 1837 731 1890 est,
756 1828 888 1894 attingitur
912 1827 940 1878 Τ.
965 1829 984 1881 Ι,
1008 1848 1033 1895 p.
1058 1831 1117 1884 785.
1152 1829 1229 1878 ross.

253 1896 352 1960 longior
375 1894 456 1962 ῥῆσις
473 1896 579 1945 Homeri
601 1895 632 1946 de
657 1897 752 1956 bubus,
783 1913 832 1945 uno
857 1896 938 1961 posito
957 1897 1006 1948 hoc
1024 1914 1113 1947 versu:
1139 1892 1184 1954 Ὡς
1201 1893 1229 1944 d'

253 1959 329 2013 ὁπότ’
355 1961 489 2012 ἀσπάσιον
515 1961 566 2031 ἔαρ
590 1961 676 2032 ἤλυθε
697 1961 791 2028 βουσὶν
817 1963 908 2022 ἕλιξιν,
950 1965 1029 2016 Cuius
1057 1965 1121 2016 nihil
1144 1963 1231 2015 simile

254 2031 330 2082 hodie
348 2049 453 2096 usquam
476 2032 543 2098 apud
566 2033 637 2081 illum
662 2034 780 2099 legimus.
817 2031 904 2082 Notior
926 2050 966 2084 res
990 2043 1028 2084 est
1053 2035 1084 2084 de
1106 2034 1229 2094 versibus,

255 2117 319 2166 quos
342 2099 415 2150 Plato
439 2108 464 2150 et
483 2101 629 2150 Aristoteles
654 2117 684 2150 ex
707 2103 818 2152 Homero
842 2117 887 2150 suo
911 2101 1031 2166 laudant,
1057 2119 1108 2153 non
1131 2108 1231 2152 nostro.

254 2168 332 2217 iniis
350 2167 413 2218 adeo
431 2178 498 2230 sunt,
518 2168 607 2233 quibus
625 2185 698 2218 nemo
717 2187 784 2220 nunc
801 2175 888 2235 aptum
906 2170 992 2220 locum
1004 2173 1147 2222 coniectura
1160 2185 1231 2219 asse·

179 2297 181 2301 ⁸
255 2244 352 2303 quatur.
388 2241 421 2285 At
443 2237 496 2286 illis
521 2245 640 2302 quatuor.
663 2254 678 2286 a
701 2237 807 2288 Platone
830 2238 911 2287 Alcib.
929 2237 960 2288 ΙΙ.
979 2238 1082 2297 allatis,
1106 2237 1131 2287 in
1149 2237 1180 2287 ΙΙ.
1198 2235 1229 2288 d.

255 2314 318 2356 extr.
336 2320 407 2354 suem
426 2305 511 2355 sedern
530 2308 672 2366 inventam,
695 2323 777 2371 neque
795 2323 827 2355 ex
845 2306 923 2360 variis
942 2306 1003 2356 locis
1021 2307 1138 2356 collectos
1162 2321 1230 2365 esse,

255 2389 300 2440 pro
318 2373 451 2438 explorato
470 2374 558 2424 habeo.
587 2374 671 2434 Quare
689 2391 732 2424 eos
752 2374 786 2424 ibi
798 2374 902 2432 inserui,
922 2391 971 2423 non
984 2384 1068 2424 tamen
1080 2377 1135 2424 siue
1148 2374 1230 2433 uncia,

256 2441 315 2508 quia
333 2441 456 2506 probabili
475 2443 506 2492 de
524 2458 599 2492 causa
617 2443 649 2492 sb
668 2443 847 2492 Alexandrinis
865 2441 963 2492 Oriticis
981 2459 1033 2492 uns
1050 2460 1106 2492 cum
1123 2440 1229 2506 vulgato

255 2527 280 2559 v.
299 2509 357 2564 548.
376 2512 481 2560 reiectos
500 2512 640 2561 censebam.
676 2512 779 2561 illorum
804 2519 888 2560 autem
914 2522 938 2561 et
961 2511 1081 2560 similium
1100 2525 1230 2570 versuum,

256 2578 298 2643 qui
316 2595 331 2628 a
349 2577 510 2642 scriptoribus
530 2579 632 2629 Graecis
651 2582 746 2645 passim
763 2579 874 2628 Homero
892 2579 1045 2638 tribuuntur,
1064 2579 1161 2628 nullum
1179 2593 1230 2642 ap-

256 2654 326 2712 paret
342 2647 478 2710 vestigium
495 2648 521 2696 in
540 2647 647 2697 Soholirs
666 2648 764 2697 nostris.
795 2647 830 2696 At
847 2647 908 2697 haec
926 2647 1028 2696 omnino
1051 2646 1125 2696 huius
1149 2659 1229 2710 gene-

256 2715 290 2764 ris
314 2730 392 2780 prope
416 2715 514 2765 nullum
544 2718 672 2780 proferunt
701 2715 804 2765 aliunde
833 2717 1004 2780 incognitum
1035 2715 1113 2764 multo
1143 2713 1231 2778 plures

256 2783 404 2834 Eustathius
423 2783 514 2843 habet,
538 2792 564 2834 et
586 2801 692 2849 quorum
715 2800 802 2833 rursus
825 2785 960 2846 scriptores
984 2798 1035 2832 non
1053 2781 1230 2832 meminerunt.

257 2853 312 2903 Hoc
328 2861 455 2917 reputans,
474 2853 632 2918 quantumvis
650 2851 720 2902 rudis
738 2851 764 2900 in
782 2851 887 2900 historia
905 2859 998 2911 textus,
1018 2852 1062 2899 vix
1078 2849 1229 2915 suspicetur,

257 2925 404 2972 memoriam
422 2919 543 2971 fefellisse
560 2937 604 2970 eos
621 2937 722 2981 omnes,
746 2922 789 2984 qui
808 2919 871 2969 tales
895 2935 982 2968 versus
1000 2916 1105 2968 Homeri
1128 2916 1231 2968 nornine

257 2989 395 3048 laudarent,
413 2998 456 3040 aut
474 2989 541 3038 male
560 3003 575 3037 a
592 2988 664 3038 nobis
683 2988 715 3036 ad
733 2986 812 3037 Iliada
832 2996 857 3037 et
874 2986 1014 3053 Odysseem
1038 2988 1141 3044 referri,
1165 3001 1231 3050 quae

257 3058 341 3109 forsan
360 3057 420 3106 olim
439 3060 465 3106 in
484 3056 540 3106 aliis
558 3056 617 3106 huic
634 3061 724 3122 poetae
742 3053 842 3106 tributis
867 3055 985 3121 operibus
1006 3055 1156 3121 legerentur.
1191 3051 1232 3102 Ita

257 3125 395 3178 Barnesius
414 3123 600 3174 hemistichium
618 3124 683 3175 illud
700 3142 740 3188 ap.
759 3122 912 3174 Aeschinem
935 3124 960 3173 in
980 3122 1107 3173 Timarch.
1126 3139 1152 3187 p.
1172 3123 1231 3174 141.

258 3193 344 3245 Reislr,
380 3189 456 3260 Φήμη
476 3189 500 3242 δ’
522 3191 552 3248 ἐς
570 3192 690 3258 στρατὸν
709 3191 793 3260 ἦλθε,
818 3200 911 3242 temere
936 3207 967 3240 an
986 3190 1135 3248 divinando,
1160 3188 1231 3238 'Phe-

258 3262 326 3313 baidi
349 3262 482 3321 adscribit,
505 3262 553 3310 etsi
573 3260 600 3310 id
625 3262 717 3311 diserte
740 3259 847 3311 traditur
876 3260 902 3309 in
925 3259 1030 3308 Homeri
1054 3256 1140 3307 Iliade
1164 3273 1231 3316 esec,

259 3339 335 3396 atque
359 3330 422 3380 adeo
442 3344 517 3394 saepe
534 3328 614 3391 repeti
630 3328 659 3378 ia
677 3327 770 3378 Iliade.
806 3328 860 3394 Ego
882 3328 1019 3393 aliquando
1041 3326 1149 3377 Iliadem
1173 3341 1232 3390 per·

260 3414 315 3448 vam
333 3398 472 3465 significari
492 3398 617 3463 putabam.
653 3399 749 3463 Nempe
767 3397 793 3447 in
811 3405 899 3446 neutro
917 3395 1034 3447 Carmine
1059 3405 1145 3444 nostro
1163 3407 1232 3442 nunc

259 3467 422 3516 tulissemus
446 3482 552 3532 usquam
575 3475 619 3516 aut
642 3465 766 3517 sententia
789 3471 836 3516 est.
871 3463 924 3514 Nec
946 3480 1007 3515 vero
1032 3461 1170 3528 quidquam
1193 3469 1232 3510 est

259 3537 287 3584 in
304 3534 389 3584 verbis
407 3533 525 3598 Oratoris,
544 3533 612 3600 quod
630 3533 712 3584 labem
730 3533 849 3584 redoleat.
875 3531 939 3584 Nam
958 3531 1080 3584 tentanda
1099 3537 1158 3579 sunt
1175 3545 1232 3580 om-
