<?xml version="1.0" encoding="UTF-8"?>
<!DOCTYPE html PUBLIC "-//W3C//DTD XHTML 1.0 Transitional//EN"
    "http://www.w3.org/TR/xhtml1/DTD/xhtml1-transitional.dtd">
<html xmlns="http://www.w3.org/1999/xhtml" xml:lang="en" lang="en">
 <head>
  <title>
</title>
<meta http-equiv="Content-Type" content="text/html;charset=utf-8" />
  <meta name='ocr-system' content='tesseract 3.04.00' />
  <meta name='ocr-capabilities' content='ocr_page ocr_carea ocr_par ocr_line ocrx_word'/>
</head>
<body>
  <div class='ocr_page' id='page_1' title='image "./prolegomenaadho03wolfgoog_0146.png"; bbox 0 0 2694 4116; ppageno 0'>
   <div class='ocr_carea' id='block_1_1' title="bbox 507 335 718 394">
    <p class='ocr_par' dir='ltr' id='par_1_1' title="bbox 507 335 718 394">
     <span class='ocr_line' id='line_1_1' title="bbox 507 335 718 394; baseline -0.005 0"><span class='ocrx_word' id='word_1_1' title='bbox 507 365 545 377; x_wconf 89' lang='lat'>-</span> <span class='ocrx_word' id='word_1_2' title='bbox 587 335 641 394; x_wconf 72' lang='lat'><strong>13⁷</strong></span> <span class='ocrx_word' id='word_1_3' title='bbox 683 367 718 377; x_wconf 88' lang='lat'><strong>--</strong></span> 
     </span>
    </p>
   </div>
   <div class='ocr_carea' id='block_1_2' title="bbox 119 496 1101 1338">
    <p class='ocr_par' dir='ltr' id='par_1_2' title="bbox 119 496 1101 1338">
     <span class='ocr_line' id='line_1_2' title="bbox 122 496 1098 565; baseline 0 -11"><span class='ocrx_word' id='word_1_4' title='bbox 122 515 174 554; x_wconf 83' lang='lat' dir='ltr'><strong>vas</strong></span> <span class='ocrx_word' id='word_1_5' title='bbox 193 498 291 565; x_wconf 79' lang='lat' dir='ltr'><strong>fuisse,</strong></span> <span class='ocrx_word' id='word_1_6' title='bbox 317 497 340 552; x_wconf 87' lang='lat' dir='ltr'><strong>ei</strong></span> <span class='ocrx_word' id='word_1_7' title='bbox 366 496 451 554; x_wconf 91' lang='lat' dir='ltr'><strong>solam</strong></span> <span class='ocrx_word' id='word_1_8' title='bbox 472 497 692 554; x_wconf 87' lang='lat' dir='ltr'><strong>commoditatem</strong></span> <span class='ocrx_word' id='word_1_9' title='bbox 712 515 807 554; x_wconf 89' lang='lat' dir='ltr'><strong>sensus</strong></span> <span class='ocrx_word' id='word_1_10' title='bbox 827 505 855 555; x_wconf 89' lang='lat' dir='ltr'><strong>et</strong></span> <span class='ocrx_word' id='word_1_11' title='bbox 875 518 953 556; x_wconf 88' lang='lat' dir='ltr'><strong>usum</strong></span> <span class='ocrx_word' id='word_1_12' title='bbox 973 500 1098 556; x_wconf 86' lang='lat' dir='ltr'><strong>Homeri·</strong></span> 
     </span>
     <span class='ocr_line' id='line_1_3' title="bbox 122 575 1099 647; baseline 0 -17"><span class='ocrx_word' id='word_1_13' title='bbox 122 591 186 630; x_wconf 85' lang='lat' dir='ltr'><strong>oum</strong></span> <span class='ocrx_word' id='word_1_14' title='bbox 206 579 327 645; x_wconf 76' lang='lat' dir='ltr'><strong>epeotees</strong></span> <span class='ocrx_word' id='word_1_15' title='bbox 352 591 407 645; x_wconf 90' lang='lat' dir='ltr'><strong>quo</strong></span> <span class='ocrx_word' id='word_1_16' title='bbox 430 575 544 629; x_wconf 90' lang='lat' dir='ltr'><strong>ulterius</strong></span> <span class='ocrx_word' id='word_1_17' title='bbox 569 575 698 646; x_wconf 77' lang='lat' dir='ltr'><strong>progredi</strong></span> <span class='ocrx_word' id='word_1_18' title='bbox 717 593 851 646; x_wconf 76' lang='lat' dir='ltr'>nequeas,</span> <span class='ocrx_word' id='word_1_19' title='bbox 878 576 1099 647; x_wconf 88' lang='lat' dir='ltr'><strong>quandoquidem</strong></span> 
     </span>
     <span class='ocr_line' id='line_1_4' title="bbox 122 651 1101 723; baseline 0.001 -17"><span class='ocrx_word' id='word_1_20' title='bbox 122 667 196 706; x_wconf 85' lang='lat' dir='ltr'><strong>nunc</strong></span> <span class='ocrx_word' id='word_1_21' title='bbox 216 651 250 706; x_wconf 88' lang='lat' dir='ltr'><strong>de</strong></span> <span class='ocrx_word' id='word_1_22' title='bbox 269 651 429 706; x_wconf 79' lang='lat' dir='ltr'><strong>testimoniis</strong></span> <span class='ocrx_word' id='word_1_23' title='bbox 449 651 622 721; x_wconf 83' lang='lat' dir='ltr'><strong>antiquorum</strong></span> <span class='ocrx_word' id='word_1_24' title='bbox 642 653 767 707; x_wconf 86' lang='lat' dir='ltr'><strong>codicum</strong></span> <span class='ocrx_word' id='word_1_25' title='bbox 787 670 840 707; x_wconf 90' lang='lat' dir='ltr'><strong>non</strong></span> <span class='ocrx_word' id='word_1_26' title='bbox 855 653 1016 723; x_wconf 70' lang='lat' dir='ltr'><strong>constatll).</strong></span> <span class='ocrx_word' id='word_1_27' title='bbox 1046 653 1101 708; x_wconf 85' lang='lat' dir='ltr'><strong>Sed</strong></span> 
     </span>
     <span class='ocr_line' id='line_1_5' title="bbox 122 727 1101 801; baseline 0.003 -20"><span class='ocrx_word' id='word_1_28' title='bbox 122 734 154 782; x_wconf 91' lang='lat' dir='ltr'><strong>ut</strong></span> <span class='ocrx_word' id='word_1_29' title='bbox 174 729 265 798; x_wconf 87' lang='lat' dir='ltr'><strong>plures</strong></span> <span class='ocrx_word' id='word_1_30' title='bbox 285 727 392 782; x_wconf 90' lang='lat' dir='ltr'><strong>illarum</strong></span> <span class='ocrx_word' id='word_1_31' title='bbox 411 728 559 783; x_wconf 88' lang='lat' dir='ltr'><strong>lectionum</strong></span> <span class='ocrx_word' id='word_1_32' title='bbox 578 727 703 799; x_wconf 85' lang='lat' dir='ltr'><strong>vulgatas</strong></span> <span class='ocrx_word' id='word_1_33' title='bbox 723 736 830 786; x_wconf 87' lang='lat' dir='ltr'><strong>nostras</strong></span> <span class='ocrx_word' id='word_1_34' title='bbox 851 731 1037 801; x_wconf 70' lang='lat' dir='ltr'><strong>aequiparant,</strong></span> <span class='ocrx_word' id='word_1_35' title='bbox 1059 730 1101 784; x_wconf 90' lang='lat' dir='ltr'><strong>ita</strong></span> 
     </span>
     <span class='ocr_line' id='line_1_6' title="bbox 121 803 1101 878; baseline 0.001 -20"><span class='ocrx_word' id='word_1_36' title='bbox 121 805 216 858; x_wconf 88' lang='lat' dir='ltr'><strong>insunt</strong></span> <span class='ocrx_word' id='word_1_37' title='bbox 235 803 317 858; x_wconf 91' lang='lat' dir='ltr'><strong>etiam</strong></span> <span class='ocrx_word' id='word_1_38' title='bbox 336 804 363 858; x_wconf 88' lang='lat' dir='ltr'><strong>io</strong></span> <span class='ocrx_word' id='word_1_39' title='bbox 383 804 450 872; x_wconf 88' lang='lat' dir='ltr'><strong>illis,</strong></span> <span class='ocrx_word' id='word_1_40' title='bbox 476 821 547 874; x_wconf 90' lang='lat' dir='ltr'><strong>quae</strong></span> <span class='ocrx_word' id='word_1_41' title='bbox 571 806 651 874; x_wconf 89' lang='lat' dir='ltr'><strong>plane</strong></span> <span class='ocrx_word' id='word_1_42' title='bbox 679 805 856 876; x_wconf 79' lang='lat' dir='ltr'><strong>praestent1).</strong></span> <span class='ocrx_word' id='word_1_43' title='bbox 897 808 973 878; x_wconf 86' lang='lat' dir='ltr'><strong>Quas</strong></span> <span class='ocrx_word' id='word_1_44' title='bbox 993 808 1016 861; x_wconf 89' lang='lat' dir='ltr'><strong>si</strong></span> <span class='ocrx_word' id='word_1_45' title='bbox 1038 806 1101 862; x_wconf 84' lang='lat' dir='ltr'><strong>Ari·</strong></span> 
     </span>
     <span class='ocr_line' id='line_1_7' title="bbox 121 879 1099 953; baseline 0.001 -18"><span class='ocrx_word' id='word_1_46' title='bbox 121 880 283 952; x_wconf 79' lang='lat' dir='ltr'><strong>stephanam</strong></span> <span class='ocrx_word' id='word_1_47' title='bbox 308 879 486 935; x_wconf 88' lang='lat' dir='ltr'><strong>coniectando</strong></span> <span class='ocrx_word' id='word_1_48' title='bbox 513 881 657 952; x_wconf 74' lang='lat' dir='ltr'><strong>indagasse</strong></span> <span class='ocrx_word' id='word_1_49' title='bbox 685 899 734 951; x_wconf 89' lang='lat' dir='ltr'><strong>pro</strong></span> <span class='ocrx_word' id='word_1_50' title='bbox 755 883 881 938; x_wconf 87' lang='lat' dir='ltr'><strong>absurdis</strong></span> <span class='ocrx_word' id='word_1_51' title='bbox 901 888 929 939; x_wconf 88' lang='lat' dir='ltr'><strong>et</strong></span> <span class='ocrx_word' id='word_1_52' title='bbox 947 882 1024 937; x_wconf 87' lang='lat' dir='ltr'><strong>falsis</strong></span> <span class='ocrx_word' id='word_1_53' title='bbox 1044 882 1099 953; x_wconf 89' lang='lat' dir='ltr'><strong>pri·</strong></span> 
     </span>
     <span class='ocr_line' id='line_1_8' title="bbox 122 956 1099 1028; baseline 0.001 -17"><span class='ocrx_word' id='word_1_54' title='bbox 122 957 217 1012; x_wconf 89' lang='lat' dir='ltr'><strong>oribus</strong></span> <span class='ocrx_word' id='word_1_55' title='bbox 238 964 373 1026; x_wconf 90' lang='lat' dir='ltr'><strong>putemus,</strong></span> <span class='ocrx_word' id='word_1_56' title='bbox 395 956 469 1010; x_wconf 87' lang='lat' dir='ltr'><strong>haud</strong></span> <span class='ocrx_word' id='word_1_57' title='bbox 489 957 560 1012; x_wconf 89' lang='lat' dir='ltr'><strong>male</strong></span> <span class='ocrx_word' id='word_1_58' title='bbox 580 957 614 1012; x_wconf 88' lang='lat' dir='ltr'><strong>de</strong></span> <span class='ocrx_word' id='word_1_59' title='bbox 634 957 742 1028; x_wconf 89' lang='lat' dir='ltr'><strong>ingenio</strong></span> <span class='ocrx_word' id='word_1_60' title='bbox 764 959 821 1014; x_wconf 90' lang='lat' dir='ltr'><strong>eius</strong></span> <span class='ocrx_word' id='word_1_61' title='bbox 836 961 930 1015; x_wconf 86' lang='lat' dir='ltr'><strong>critico</strong></span> <span class='ocrx_word' id='word_1_62' title='bbox 945 959 1099 1013; x_wconf 83' lang='lat' dir='ltr'><strong>existiman·</strong></span> 
     </span>
     <span class='ocr_line' id='line_1_9' title="bbox 120 1033 1099 1105; baseline 0.003 -19"><span class='ocrx_word' id='word_1_63' title='bbox 120 1033 187 1087; x_wconf 90' lang='lat' dir='ltr'><strong>dum</strong></span> <span class='ocrx_word' id='word_1_64' title='bbox 212 1033 272 1088; x_wconf 86' lang='lat' dir='ltr'><strong>erit.</strong></span> <span class='ocrx_word' id='word_1_65' title='bbox 313 1034 475 1103; x_wconf 84' lang='lat' dir='ltr'><strong>Quanquam</strong></span> <span class='ocrx_word' id='word_1_66' title='bbox 501 1034 572 1088; x_wconf 89' lang='lat' dir='ltr'><strong>ultro</strong></span> <span class='ocrx_word' id='word_1_67' title='bbox 598 1035 700 1101; x_wconf 87' lang='lat' dir='ltr'><strong>fateor,</strong></span> <span class='ocrx_word' id='word_1_68' title='bbox 730 1052 774 1090; x_wconf 92' lang='lat' dir='ltr'><strong>me</strong></span> <span class='ocrx_word' id='word_1_69' title='bbox 799 1054 833 1090; x_wconf 91' lang='lat' dir='ltr'><strong>ne</strong></span> <span class='ocrx_word' id='word_1_70' title='bbox 859 1037 886 1091; x_wconf 91' lang='lat' dir='ltr'><strong>in</strong></span> <span class='ocrx_word' id='word_1_71' title='bbox 911 1036 954 1090; x_wconf 91' lang='lat' dir='ltr'><strong>his</strong></span> <span class='ocrx_word' id='word_1_72' title='bbox 981 1034 1099 1105; x_wconf 87' lang='lat' dir='ltr'><strong>quidem,</strong></span> 
     </span>
     <span class='ocr_line' id='line_1_10' title="bbox 119 1109 1100 1184; baseline 0 -20"><span class='ocrx_word' id='word_1_73' title='bbox 119 1127 194 1178; x_wconf 88' lang='lat' dir='ltr'><strong>quae</strong></span> <span class='ocrx_word' id='word_1_74' title='bbox 214 1109 306 1180; x_wconf 86' lang='lat' dir='ltr'><strong>paullo</strong></span> <span class='ocrx_word' id='word_1_75' title='bbox 328 1110 427 1165; x_wconf 89' lang='lat' dir='ltr'><strong>certius</strong></span> <span class='ocrx_word' id='word_1_76' title='bbox 448 1110 482 1163; x_wconf 91' lang='lat' dir='ltr'><strong>ad</strong></span> <span class='ocrx_word' id='word_1_77' title='bbox 503 1109 561 1164; x_wconf 92' lang='lat' dir='ltr'><strong>eius</strong></span> <span class='ocrx_word' id='word_1_78' title='bbox 581 1111 764 1165; x_wconf 86' lang='lat' dir='ltr'><strong>coniecturam</strong></span> <span class='ocrx_word' id='word_1_79' title='bbox 785 1113 878 1168; x_wconf 83' lang='lat' dir='ltr'><strong>referri</strong></span> <span class='ocrx_word' id='word_1_80' title='bbox 898 1118 1030 1184; x_wconf 85' lang='lat' dir='ltr'><strong>possunt,</strong></span> <span class='ocrx_word' id='word_1_81' title='bbox 1056 1128 1100 1164; x_wconf 91' lang='lat' dir='ltr'><strong>ro-</strong></span> 
     </span>
     <span class='ocr_line' id='line_1_11' title="bbox 120 1185 1097 1257; baseline 0.002 -19"><span class='ocrx_word' id='word_1_82' title='bbox 120 1185 272 1241; x_wconf 86' lang='lat' dir='ltr'><strong>bustiorem</strong></span> <span class='ocrx_word' id='word_1_83' title='bbox 292 1186 482 1241; x_wconf 82' lang='lat' dir='ltr'><strong>coniecturalis</strong></span> <span class='ocrx_word' id='word_1_84' title='bbox 502 1187 569 1240; x_wconf 83' lang='lat' dir='ltr'><strong>ertia</strong></span> <span class='ocrx_word' id='word_1_85' title='bbox 588 1187 728 1241; x_wconf 73' lang='lat' dir='ltr'><strong>infantiam</strong></span> <span class='ocrx_word' id='word_1_86' title='bbox 748 1205 829 1257; x_wconf 91' lang='lat' dir='ltr'><strong>quam</strong></span> <span class='ocrx_word' id='word_1_87' title='bbox 848 1190 876 1244; x_wconf 92' lang='lat' dir='ltr'><strong>in</strong></span> <span class='ocrx_word' id='word_1_88' title='bbox 895 1187 1037 1246; x_wconf 89' lang='lat' dir='ltr'><strong>Zenodoto</strong></span> <span class='ocrx_word' id='word_1_89' title='bbox 1058 1187 1097 1242; x_wconf 92' lang='lat' dir='ltr'><strong>in-</strong></span> 
     </span>
     <span class='ocr_line' id='line_1_12' title="bbox 119 1261 1099 1338; baseline 0.002 -22"><span class='ocrx_word' id='word_1_90' title='bbox 119 1261 289 1332; x_wconf 59' lang='grc' dir='ltr'><strong>1011150οἳ).</strong></span> <span class='ocrx_word' id='word_1_91' title='bbox 336 1263 398 1333; x_wconf 86' lang='lat' dir='ltr'><strong>Quo</strong></span> <span class='ocrx_word' id='word_1_92' title='bbox 424 1263 511 1334; x_wconf 90' lang='lat' dir='ltr'><strong>magis</strong></span> <span class='ocrx_word' id='word_1_93' title='bbox 538 1269 653 1334; x_wconf 84' lang='lat' dir='ltr'><strong>augetur</strong></span> <span class='ocrx_word' id='word_1_94' title='bbox 679 1265 861 1334; x_wconf 78' lang='lat' dir='ltr'><strong>exspectatio,</strong></span> <span class='ocrx_word' id='word_1_95' title='bbox 892 1265 957 1338; x_wconf 90' lang='lat' dir='ltr'><strong>quid</strong></span> <span class='ocrx_word' id='word_1_96' title='bbox 987 1264 1099 1318; x_wconf 86' lang='lat' dir='ltr'><strong>tandem</strong></span> 
     </span>
    </p>
   </div>
   <div class='ocr_carea' id='block_1_3' title="bbox 116 1472 1098 1948">
    <p class='ocr_par' dir='ltr' id='par_1_3' title="bbox 116 1472 1098 1948">
     <span class='ocr_line' id='line_1_13' title="bbox 119 1472 1098 1541; baseline 0.002 -17"><span class='ocrx_word' id='word_1_97' title='bbox 119 1481 216 1536; x_wconf 75' lang='lat' dir='ltr'><strong>sertus,</strong></span> <span class='ocrx_word' id='word_1_98' title='bbox 234 1491 298 1541; x_wconf 88' lang='lat' dir='ltr'><strong>quos</strong></span> <span class='ocrx_word' id='word_1_99' title='bbox 318 1475 346 1525; x_wconf 79' lang='lat' dir='ltr'><strong>Z.</strong></span> <span class='ocrx_word' id='word_1_100' title='bbox 366 1473 403 1524; x_wconf 86' lang='grc'><strong>001</strong></span> <span class='ocrx_word' id='word_1_101' title='bbox 424 1473 550 1524; x_wconf 83' lang='lat' dir='ltr'><strong>deleverat</strong></span> <span class='ocrx_word' id='word_1_102' title='bbox 567 1473 608 1524; x_wconf 82' lang='lat' dir='ltr'><strong>vel</strong></span> <span class='ocrx_word' id='word_1_103' title='bbox 626 1475 651 1525; x_wconf 92' lang='lat' dir='ltr'><strong>iu</strong></span> <span class='ocrx_word' id='word_1_104' title='bbox 670 1472 743 1526; x_wconf 86' lang='lat' dir='ltr'><strong>codd.</strong></span> <span class='ocrx_word' id='word_1_105' title='bbox 762 1477 883 1527; x_wconf 89' lang='grc'><strong>0010000</strong></span> <span class='ocrx_word' id='word_1_106' title='bbox 903 1475 1098 1541; x_wconf 82' lang='grc' dir='ltr'><strong>1000000001.ορ-</strong></span> 
     </span>
     <span class='ocr_line' id='line_1_14' title="bbox 120 1541 1098 1610; baseline -0.001 -16"><span class='ocrx_word' id='word_1_107' title='bbox 120 1543 220 1608; x_wconf 86' lang='lat' dir='ltr'><strong>posuit,</strong></span> <span class='ocrx_word' id='word_1_108' title='bbox 239 1542 350 1610; x_wconf 89' lang='lat' dir='ltr'><strong>nequid</strong></span> <span class='ocrx_word' id='word_1_109' title='bbox 374 1541 464 1592; x_wconf 82' lang='lat' dir='ltr'><strong>fraude</strong></span> <span class='ocrx_word' id='word_1_110' title='bbox 488 1541 619 1593; x_wconf 85' lang='lat' dir='ltr'><strong>videretur</strong></span> <span class='ocrx_word' id='word_1_111' title='bbox 642 1543 809 1605; x_wconf 85' lang='lat' dir='ltr'><strong>subtraxisse,</strong></span> <span class='ocrx_word' id='word_1_112' title='bbox 834 1545 901 1610; x_wconf 90' lang='lat' dir='ltr'><strong>quod</strong></span> <span class='ocrx_word' id='word_1_113' title='bbox 925 1545 990 1595; x_wconf 89' lang='lat' dir='ltr'><strong>alius</strong></span> <span class='ocrx_word' id='word_1_114' title='bbox 1013 1544 1098 1595; x_wconf 80' lang='lat' dir='ltr'><strong>forsan</strong></span> 
     </span>
     <span class='ocr_line' id='line_1_15' title="bbox 119 1609 1098 1664; baseline -0.002 -2"><span class='ocrx_word' id='word_1_115' title='bbox 119 1611 285 1663; x_wconf 88' lang='lat' dir='ltr'><strong>Homericum</strong></span> <span class='ocrx_word' id='word_1_116' title='bbox 303 1609 457 1662; x_wconf 87' lang='lat' dir='ltr'><strong>iudicaturus</strong></span> <span class='ocrx_word' id='word_1_117' title='bbox 477 1619 551 1660; x_wconf 85' lang='lat' dir='ltr'><strong>esset.</strong></span> <span class='ocrx_word' id='word_1_118' title='bbox 587 1609 705 1662; x_wconf 80' lang='lat' dir='ltr'><strong>(letarum</strong></span> <span class='ocrx_word' id='word_1_119' title='bbox 723 1614 772 1661; x_wconf 89' lang='lat' dir='ltr'><strong>etsi</strong></span> <span class='ocrx_word' id='word_1_120' title='bbox 791 1613 823 1664; x_wconf 94' lang='lat' dir='ltr'><strong>de</strong></span> <span class='ocrx_word' id='word_1_121' title='bbox 841 1615 882 1662; x_wconf 91' lang='lat' dir='ltr'><strong>his</strong></span> <span class='ocrx_word' id='word_1_122' title='bbox 901 1623 927 1664; x_wconf 90' lang='lat' dir='ltr'><strong>et</strong></span> <span class='ocrx_word' id='word_1_123' title='bbox 945 1612 1003 1664; x_wconf 88' lang='lat' dir='ltr'><strong>aliie</strong></span> <span class='ocrx_word' id='word_1_124' title='bbox 1021 1612 1098 1663; x_wconf 88' lang='lat' dir='ltr'><strong>rebus</strong></span> 
     </span>
     <span class='ocr_line' id='line_1_16' title="bbox 118 1677 1095 1748; baseline -0.001 -18"><span class='ocrx_word' id='word_1_125' title='bbox 118 1679 210 1730; x_wconf 84' lang='lat' dir='ltr'><strong>timide</strong></span> <span class='ocrx_word' id='word_1_126' title='bbox 228 1679 416 1730; x_wconf 83' lang='lat' dir='ltr'><strong>coniiciendunu</strong></span> <span class='ocrx_word' id='word_1_127' title='bbox 435 1684 475 1739; x_wconf 84' lang='lat' dir='ltr'><strong>est</strong></span> <span class='ocrx_word' id='word_1_128' title='bbox 492 1677 594 1744; x_wconf 88' lang='lat' dir='ltr'><strong>propter</strong></span> <span class='ocrx_word' id='word_1_129' title='bbox 610 1679 777 1746; x_wconf 85' lang='lat' dir='ltr'><strong>reliquiarum</strong></span> <span class='ocrx_word' id='word_1_130' title='bbox 795 1681 870 1731; x_wconf 89' lang='lat' dir='ltr'><strong>huius</strong></span> <span class='ocrx_word' id='word_1_131' title='bbox 888 1682 987 1748; x_wconf 87' lang='lat' dir='ltr'><strong>generis</strong></span> <span class='ocrx_word' id='word_1_132' title='bbox 1007 1683 1095 1747; x_wconf 87' lang='lat' dir='ltr'><strong>pauci-</strong></span> 
     </span>
     <span class='ocr_line' id='line_1_17' title="bbox 119 1745 1097 1809; baseline 0.002 -13"><span class='ocrx_word' id='word_1_133' title='bbox 119 1745 627 1809; x_wconf 58' lang='grc' dir='ltr'><strong>101000111οᾶ0000000010100111100000</strong></span> <span class='ocrx_word' id='word_1_134' title='bbox 653 1755 704 1808; x_wconf 88' lang='lat' dir='ltr'><strong>est,</strong></span> <span class='ocrx_word' id='word_1_135' title='bbox 729 1746 900 1798; x_wconf 82' lang='lat' dir='ltr'><strong>Zenodoteum</strong></span> <span class='ocrx_word' id='word_1_136' title='bbox 924 1748 1097 1800; x_wconf 76' lang='grc'><strong>0001000000-</strong></span> 
     </span>
     <span class='ocr_line' id='line_1_18' title="bbox 118 1813 1095 1933; baseline -0.001 -68"><span class='ocrx_word' id='word_1_137' title='bbox 118 1817 217 1933; x_wconf 59' lang='grc' dir='ltr'><strong>00χὲ0000</strong></span> <span class='ocrx_word' id='word_1_138' title='bbox 237 1815 438 1874; x_wconf 87' lang='lat' dir='ltr'><strong>Homerinorum,</strong></span> <span class='ocrx_word' id='word_1_139' title='bbox 459 1813 527 1880; x_wconf 89' lang='lat' dir='ltr'><strong>quod</strong></span> <span class='ocrx_word' id='word_1_140' title='bbox 544 1814 619 1866; x_wconf 89' lang='lat' dir='ltr'><strong>hodie</strong></span> <span class='ocrx_word' id='word_1_141' title='bbox 639 1815 753 1876; x_wconf 90' lang='lat' dir='ltr'><strong>dicimus,</strong></span> <span class='ocrx_word' id='word_1_142' title='bbox 763 1814 880 1879; x_wconf 82' lang='lat' dir='ltr'><strong>fundum</strong></span> <span class='ocrx_word' id='word_1_143' title='bbox 898 1818 977 1868; x_wconf 82' lang='lat' dir='ltr'><strong>luisse</strong></span> <span class='ocrx_word' id='word_1_144' title='bbox 995 1815 1095 1866; x_wconf 81' lang='lat' dir='ltr'><strong>Aristo-</strong></span> 
     </span>
     <span class='ocr_line' id='line_1_19' title="bbox 116 1899 223 1948; baseline 0.019 -16"><span class='ocrx_word' id='word_1_145' title='bbox 116 1899 136 1948; x_wconf 86' lang='lat' dir='ltr'><strong>p</strong></span> <span class='ocrx_word' id='word_1_146' title='bbox 173 1899 223 1934; x_wconf 81' lang='grc'><strong>000.</strong></span> 
     </span>
    </p>
   </div>
   <div class='ocr_carea' id='block_1_4' title="bbox 189 1949 1096 2028">
    <p class='ocr_par' dir='ltr' id='par_1_4' title="bbox 189 1949 1096 2028">
     <span class='ocr_line' id='line_1_20' title="bbox 189 1949 1096 2028; baseline 0.002 -28"><span class='ocrx_word' id='word_1_147' title='bbox 189 1950 424 2018; x_wconf 64' lang='grc' dir='ltr'><strong>υ1)(1001000000</strong></span> <span class='ocrx_word' id='word_1_148' title='bbox 448 1950 593 2028; x_wconf 51' lang='grc'><strong>0000000010</strong></span> <span class='ocrx_word' id='word_1_149' title='bbox 616 1968 665 2000; x_wconf 88' lang='grc'><strong>000</strong></span> <span class='ocrx_word' id='word_1_150' title='bbox 689 1949 768 2001; x_wconf 88' lang='lat' dir='ltr'><strong>luerat</strong></span> <span class='ocrx_word' id='word_1_151' title='bbox 790 1951 902 2003; x_wconf 84' lang='lat' dir='ltr'><strong>maxime</strong></span> <span class='ocrx_word' id='word_1_152' title='bbox 925 1969 984 2020; x_wconf 87' lang='lat' dir='ltr'><strong>pars</strong></span> <span class='ocrx_word' id='word_1_153' title='bbox 1007 1952 1096 2002; x_wconf 89' lang='lat' dir='ltr'><strong>harum</strong></span> 
     </span>
    </p>
   </div>
   <div class='ocr_carea' id='block_1_5' title="bbox 591 2022 814 2030">
    <p class='ocr_par' dir='ltr' id='par_1_5' title="bbox 591 2022 814 2030">
     <span class='ocr_line' id='line_1_21' title="bbox 591 2022 814 2030; baseline 0 0"><span class='ocrx_word' id='word_1_154' title='bbox 591 2022 814 2030; x_wconf 74' lang='lat'><strong>———</strong></span> 
     </span>
    </p>
   </div>
   <div class='ocr_carea' id='block_1_6' title="bbox 119 2022 1097 2184">
    <p class='ocr_par' dir='ltr' id='par_1_6' title="bbox 119 2022 1097 2184">
     <span class='ocr_line' id='line_1_22' title="bbox 119 2022 1097 2120; baseline 0.007 -34"><span class='ocrx_word' id='word_1_155' title='bbox 119 2035 269 2088; x_wconf 66' lang='lat' dir='ltr'><strong>leuraam:</strong></span> <span class='ocrx_word' id='word_1_156' title='bbox 288 2022 395 2116; x_wconf 56' lang='lat' dir='ltr'><strong>iffi·</strong></span> <span class='ocrx_word' id='word_1_157' title='bbox 414 2036 518 2116; x_wconf 59' lang='lat' dir='ltr'><strong>aare.</strong></span> <span class='ocrx_word' id='word_1_158' title='bbox 538 2051 563 2103; x_wconf 78' lang='grc' dir='ltr'><strong>η.</strong></span> <span class='ocrx_word' id='word_1_159' title='bbox 582 2039 628 2116; x_wconf 61' lang='lat' dir='ltr'><strong>aa</strong></span> <span class='ocrx_word' id='word_1_160' title='bbox 644 2037 703 2115; x_wconf 63' lang='lat' dir='ltr'><strong>aas.</strong></span> <span class='ocrx_word' id='word_1_161' title='bbox 722 2052 740 2085; x_wconf 77' lang='grc' dir='ltr'><strong>ι.</strong></span> <span class='ocrx_word' id='word_1_162' title='bbox 758 2038 825 2116; x_wconf 55' lang='lat' dir='ltr'>Q</span> <span class='ocrx_word' id='word_1_163' title='bbox 835 2023 893 2092; x_wconf 62' lang='grc'><strong>011.</strong></span> <span class='ocrx_word' id='word_1_164' title='bbox 912 2039 1012 2118; x_wconf 47' lang='lat' dir='ltr'><strong>uffo.</strong></span> <span class='ocrx_word' id='word_1_165' title='bbox 1034 2023 1097 2120; x_wconf 61' lang='grc'><strong>011]</strong></span> 
     </span>
     <span class='ocr_line' id='line_1_23' title="bbox 119 2120 1096 2184; baseline 0.005 -12"><span class='ocrx_word' id='word_1_166' title='bbox 119 2120 142 2174; x_wconf 76' lang='lat' dir='ltr'><strong>a.</strong></span> <span class='ocrx_word' id='word_1_167' title='bbox 164 2121 222 2176; x_wconf 82' lang='lat'>103.</span> <span class='ocrx_word' id='word_1_168' title='bbox 241 2123 300 2177; x_wconf 81' lang='lat'>546.</span> <span class='ocrx_word' id='word_1_169' title='bbox 319 2124 378 2178; x_wconf 75' lang='lat' dir='ltr'><strong>ees.</strong></span> <span class='ocrx_word' id='word_1_170' title='bbox 395 2139 423 2184; x_wconf 76' lang='grc' dir='ltr'><strong>μ.</strong></span> <span class='ocrx_word' id='word_1_171' title='bbox 441 2125 483 2176; x_wconf 86' lang='lat'><strong>40.</strong></span> <span class='ocrx_word' id='word_1_172' title='bbox 503 2124 545 2176; x_wconf 77' lang='grc'><strong>00.</strong></span> <span class='ocrx_word' id='word_1_173' title='bbox 565 2138 588 2172; x_wconf 71' lang='grc' dir='ltr'><strong>ν.</strong></span> <span class='ocrx_word' id='word_1_174' title='bbox 606 2124 630 2177; x_wconf 84' lang='grc'><strong>0.</strong></span> <span class='ocrx_word' id='word_1_175' title='bbox 654 2125 692 2176; x_wconf 78' lang='lat' dir='ltr'><strong>ra</strong></span> <span class='ocrx_word' id='word_1_176' title='bbox 710 2121 752 2175; x_wconf 79' lang='lat'><strong>51.</strong></span> <span class='ocrx_word' id='word_1_177' title='bbox 771 2125 828 2178; x_wconf 73' lang='lat' dir='ltr'><strong>eet.</strong></span> <span class='ocrx_word' id='word_1_178' title='bbox 848 2124 905 2178; x_wconf 85' lang='lat' dir='ltr'><strong>ere.</strong></span> <span class='ocrx_word' id='word_1_179' title='bbox 924 2127 982 2180; x_wconf 72' lang='lat' dir='ltr'><strong>see.</strong></span> <span class='ocrx_word' id='word_1_180' title='bbox 1009 2120 1036 2179; x_wconf 78' lang='grc' dir='ltr'><strong>ε.</strong></span> <span class='ocrx_word' id='word_1_181' title='bbox 1053 2127 1096 2179; x_wconf 85' lang='lat'><strong>44.</strong></span> 
     </span>
    </p>
   </div>
   <div class='ocr_carea' id='block_1_7' title="bbox 350 2193 590 2203">
    <p class='ocr_par' dir='ltr' id='par_1_7' title="bbox 350 2193 590 2203">
     <span class='ocr_line' id='line_1_24' title="bbox 350 2193 590 2203; baseline 0 -3"><span class='ocrx_word' id='word_1_182' title='bbox 350 2193 590 2203; x_wconf 71' lang='lat'><strong>———</strong></span> 
     </span>
    </p>
   </div>
   <div class='ocr_carea' id='block_1_8' title="bbox 117 2207 1095 2478">
    <p class='ocr_par' dir='ltr' id='par_1_8' title="bbox 117 2207 1095 2478">
     <span class='ocr_line' id='line_1_25' title="bbox 118 2207 1094 2276; baseline 0.001 -16"><span class='ocrx_word' id='word_1_183' title='bbox 118 2221 142 2255; x_wconf 78' lang='grc' dir='ltr'><strong>ο.</strong></span> <span class='ocrx_word' id='word_1_184' title='bbox 163 2210 204 2260; x_wconf 84' lang='lat'><strong>10.</strong></span> <span class='ocrx_word' id='word_1_185' title='bbox 226 2208 282 2276; x_wconf 62' lang='lat'><strong>197,</strong></span> <span class='ocrx_word' id='word_1_186' title='bbox 301 2223 328 2257; x_wconf 85' lang='grc' dir='ltr'><strong>π.</strong></span> <span class='ocrx_word' id='word_1_187' title='bbox 347 2209 388 2262; x_wconf 77' lang='lat'><strong>25.</strong></span> <span class='ocrx_word' id='word_1_188' title='bbox 408 2226 432 2258; x_wconf 85' lang='grc' dir='ltr'><strong>σ.</strong></span> <span class='ocrx_word' id='word_1_189' title='bbox 452 2211 493 2263; x_wconf 80' lang='lat'><strong>53.</strong></span> <span class='ocrx_word' id='word_1_190' title='bbox 512 2223 536 2258; x_wconf 85' lang='grc' dir='ltr'><strong>τ.</strong></span> <span class='ocrx_word' id='word_1_191' title='bbox 554 2209 596 2262; x_wconf 83' lang='grc'><strong>96.</strong></span> <span class='ocrx_word' id='word_1_192' title='bbox 619 2208 675 2262; x_wconf 83' lang='grc'><strong>105.</strong></span> <span class='ocrx_word' id='word_1_193' title='bbox 692 2207 752 2261; x_wconf 83' lang='grc'><strong>386.</strong></span> <span class='ocrx_word' id='word_1_194' title='bbox 788 2209 974 2272; x_wconf 77' lang='lat' dir='ltr'><strong>immassant,</strong></span> <span class='ocrx_word' id='word_1_195' title='bbox 993 2209 1094 2276; x_wconf 87' lang='lat' dir='ltr'><strong>opinor,</strong></span> 
     </span>
     <span class='ocr_line' id='line_1_26' title="bbox 117 2274 1095 2345; baseline 0.005 -21"><span class='ocrx_word' id='word_1_196' title='bbox 117 2274 211 2340; x_wconf 89' lang='lat' dir='ltr'><strong>quibus</strong></span> <span class='ocrx_word' id='word_1_197' title='bbox 229 2275 368 2327; x_wconf 86' lang='lat' dir='ltr'><strong>nonnullae</strong></span> <span class='ocrx_word' id='word_1_198' title='bbox 385 2293 469 2327; x_wconf 89' lang='lat' dir='ltr'><strong>aarum</strong></span> <span class='ocrx_word' id='word_1_199' title='bbox 488 2292 555 2326; x_wconf 90' lang='lat' dir='ltr'><strong>nunc</strong></span> <span class='ocrx_word' id='word_1_200' title='bbox 566 2291 668 2342; x_wconf 84' lang='lat' dir='ltr'><strong>quoque</strong></span> <span class='ocrx_word' id='word_1_201' title='bbox 681 2282 748 2326; x_wconf 88' lang='lat' dir='ltr'><strong>textu</strong></span> <span class='ocrx_word' id='word_1_202' title='bbox 761 2275 853 2342; x_wconf 86' lang='lat' dir='ltr'><strong>dignae</strong></span> <span class='ocrx_word' id='word_1_203' title='bbox 865 2276 1004 2340; x_wconf 85' lang='lat' dir='ltr'><strong>videantur,</strong></span> <span class='ocrx_word' id='word_1_204' title='bbox 1017 2295 1095 2345; x_wconf 89' lang='lat' dir='ltr'><strong>quum</strong></span> 
     </span>
     <span class='ocr_line' id='line_1_27' title="bbox 118 2342 1095 2413; baseline 0.006 -21"><span class='ocrx_word' id='word_1_205' title='bbox 118 2342 200 2393; x_wconf 90' lang='lat' dir='ltr'><strong>abiis</strong></span> <span class='ocrx_word' id='word_1_206' title='bbox 219 2343 359 2394; x_wconf 76' lang='lat' dir='ltr'><strong>discessum</strong></span> <span class='ocrx_word' id='word_1_207' title='bbox 378 2345 457 2395; x_wconf 84' lang='lat' dir='ltr'><strong>videri</strong></span> <span class='ocrx_word' id='word_1_208' title='bbox 482 2350 560 2410; x_wconf 90' lang='lat' dir='ltr'><strong>queat</strong></span> <span class='ocrx_word' id='word_1_209' title='bbox 584 2347 667 2408; x_wconf 89' lang='lat' dir='ltr'><strong>potius</strong></span> <span class='ocrx_word' id='word_1_210' title='bbox 692 2359 736 2408; x_wconf 90' lang='lat' dir='ltr'><strong>per</strong></span> <span class='ocrx_word' id='word_1_211' title='bbox 758 2343 888 2395; x_wconf 89' lang='lat' dir='ltr'><strong>libidinem</strong></span> <span class='ocrx_word' id='word_1_212' title='bbox 914 2355 940 2396; x_wconf 90' lang='lat' dir='ltr'><strong>et</strong></span> <span class='ocrx_word' id='word_1_213' title='bbox 963 2363 1095 2413; x_wconf 87' lang='lat' dir='ltr'><strong>operosam</strong></span> 
     </span>
     <span class='ocr_line' id='line_1_28' title="bbox 118 2409 789 2478; baseline 0.003 -18"><span class='ocrx_word' id='word_1_214' title='bbox 118 2409 294 2472; x_wconf 78' lang='lat' dir='ltr'><strong>sedulitatem,</strong></span> <span class='ocrx_word' id='word_1_215' title='bbox 313 2429 387 2478; x_wconf 87' lang='lat' dir='ltr'><strong>quam</strong></span> <span class='ocrx_word' id='word_1_216' title='bbox 406 2412 552 2462; x_wconf 88' lang='lat' dir='ltr'><strong>melioribus</strong></span> <span class='ocrx_word' id='word_1_217' title='bbox 570 2410 642 2461; x_wconf 85' lang='lat' dir='ltr'><strong>libris</strong></span> <span class='ocrx_word' id='word_1_218' title='bbox 661 2411 789 2462; x_wconf 88' lang='lat' dir='ltr'><strong>consultis.</strong></span> 
     </span>
    </p>
   </div>
   <div class='ocr_carea' id='block_1_9' title="bbox 115 2495 1098 3587">
    <p class='ocr_par' dir='ltr' id='par_1_9' title="bbox 116 2495 1098 3244">
     <span class='ocr_line' id='line_1_29' title="bbox 190 2495 1095 2567; baseline 0.007 -22"><span class='ocrx_word' id='word_1_219' title='bbox 190 2495 210 2560; x_wconf 90' lang='lat'><strong>¹)</strong></span> <span class='ocrx_word' id='word_1_220' title='bbox 229 2495 304 2546; x_wconf 71' lang='lat' dir='ltr'><strong>Tales</strong></span> <span class='ocrx_word' id='word_1_221' title='bbox 322 2513 379 2546; x_wconf 81' lang='lat' dir='ltr'><strong>cese</strong></span> <span class='ocrx_word' id='word_1_222' title='bbox 397 2497 456 2546; x_wconf 88' lang='lat' dir='ltr'><strong>duxi</strong></span> <span class='ocrx_word' id='word_1_223' title='bbox 475 2497 609 2562; x_wconf 87' lang='lat' dir='ltr'><strong>recepique</strong></span> <span class='ocrx_word' id='word_1_224' title='bbox 626 2495 652 2546; x_wconf 91' lang='lat' dir='ltr'><strong>in</strong></span> <span class='ocrx_word' id='word_1_225' title='bbox 672 2497 759 2562; x_wconf 89' lang='lat' dir='ltr'><strong>primis</strong></span> <span class='ocrx_word' id='word_1_226' title='bbox 777 2496 823 2548; x_wconf 85' lang='lat' dir='ltr'><strong>has</strong></span> <span class='ocrx_word' id='word_1_227' title='bbox 842 2499 919 2560; x_wconf 91' lang='lat' dir='ltr'><strong>duae,</strong></span> <span class='ocrx_word' id='word_1_228' title='bbox 935 2497 1025 2567; x_wconf 77' lang='grc' dir='ltr'><em>μάχην</em></span> <span class='ocrx_word' id='word_1_229' title='bbox 1050 2517 1095 2567; x_wconf 87' lang='lat' dir='ltr'><strong>pru</strong></span> 
     </span>
     <span class='ocr_line' id='line_1_30' title="bbox 118 2560 1098 2636; baseline 0.005 -24"><span class='ocrx_word' id='word_1_230' title='bbox 118 2560 212 2631; x_wconf 82' lang='grc' dir='ltr'><strong><em>μάχης</em></strong></span> <span class='ocrx_word' id='word_1_231' title='bbox 229 2582 252 2614; x_wconf 91' lang='lat' dir='ltr'><strong>o.</strong></span> <span class='ocrx_word' id='word_1_232' title='bbox 272 2564 342 2624; x_wconf 70' lang='lat'><strong>459„</strong></span> <span class='ocrx_word' id='word_1_233' title='bbox 355 2560 457 2614; x_wconf 76' lang='lat' dir='ltr'><strong>‘&#39;Ouuou</strong></span> <span class='ocrx_word' id='word_1_234' title='bbox 477 2563 501 2613; x_wconf 83' lang='lat' dir='ltr'><strong>d&#39;</strong></span> <span class='ocrx_word' id='word_1_235' title='bbox 520 2561 668 2632; x_wconf 78' lang='grc' dir='ltr'><em>ἐννεάχιλοι</em></span> <span class='ocrx_word' id='word_1_236' title='bbox 687 2581 733 2628; x_wconf 91' lang='lat' dir='ltr'><strong>pro</strong></span> <span class='ocrx_word' id='word_1_237' title='bbox 751 2563 793 2616; x_wconf 86' lang='grc' dir='ltr'><strong>ὅσ.</strong></span> <span class='ocrx_word' id='word_1_238' title='bbox 813 2565 838 2614; x_wconf 83' lang='grc' dir='ltr'><strong>τ’</strong></span> <span class='ocrx_word' id='word_1_239' title='bbox 857 2565 963 2636; x_wconf 82' lang='grc' dir='ltr'><em>ἐννεάχ.</em></span> <span class='ocrx_word' id='word_1_240' title='bbox 983 2565 1007 2623; x_wconf 77' lang='grc' dir='ltr'><strong>ξ.</strong></span> <span class='ocrx_word' id='word_1_241' title='bbox 1028 2569 1098 2629; x_wconf 70' lang='lat'>148„-</span> 
     </span>
     <span class='ocr_line' id='line_1_31' title="bbox 117 2631 1094 2698; baseline 0.006 -17"><span class='ocrx_word' id='word_1_242' title='bbox 117 2635 279 2698; x_wconf 86' lang='lat' dir='ltr'><strong>tertiamque,</strong></span> <span class='ocrx_word' id='word_1_243' title='bbox 298 2632 325 2680; x_wconf 93' lang='lat' dir='ltr'><strong>ni</strong></span> <span class='ocrx_word' id='word_1_244' title='bbox 343 2631 425 2691; x_wconf 81' lang='grc'><strong>101100,</strong></span> <span class='ocrx_word' id='word_1_245' title='bbox 447 2649 462 2682; x_wconf 90' lang='lat' dir='ltr'><strong>a</strong></span> <span class='ocrx_word' id='word_1_246' title='bbox 485 2632 586 2698; x_wconf 81' lang='lat' dir='ltr'><strong>vulgata</strong></span> <span class='ocrx_word' id='word_1_247' title='bbox 609 2649 660 2682; x_wconf 92' lang='lat' dir='ltr'><strong>non</strong></span> <span class='ocrx_word' id='word_1_248' title='bbox 685 2632 786 2698; x_wconf 86' lang='lat' dir='ltr'><strong>lougius</strong></span> <span class='ocrx_word' id='word_1_249' title='bbox 809 2635 999 2696; x_wconf 83' lang='lat' dir='ltr'><strong>abhorrentem,</strong></span> <span class='ocrx_word' id='word_1_250' title='bbox 1023 2636 1094 2688; x_wconf 87' lang='lat' dir='ltr'><strong>cuius</strong></span> 
     </span>
     <span class='ocr_line' id='line_1_32' title="bbox 118 2700 1095 2769; baseline 0.005 -20"><span class='ocrx_word' id='word_1_251' title='bbox 118 2715 187 2750; x_wconf 88' lang='lat' dir='ltr'><strong>nune</strong></span> <span class='ocrx_word' id='word_1_252' title='bbox 210 2716 260 2750; x_wconf 94' lang='lat' dir='ltr'><strong>non</strong></span> <span class='ocrx_word' id='word_1_253' title='bbox 284 2700 395 2751; x_wconf 89' lang='lat' dir='ltr'><strong>memini.</strong></span> <span class='ocrx_word' id='word_1_254' title='bbox 430 2700 470 2751; x_wconf 84' lang='lat' dir='ltr'><strong>Ac</strong></span> <span class='ocrx_word' id='word_1_255' title='bbox 494 2701 598 2751; x_wconf 81' lang='lat' dir='ltr'><strong>forsitan</strong></span> <span class='ocrx_word' id='word_1_256' title='bbox 622 2701 734 2766; x_wconf 88' lang='lat' dir='ltr'><strong>recipere</strong></span> <span class='ocrx_word' id='word_1_257' title='bbox 759 2701 901 2753; x_wconf 88' lang='lat' dir='ltr'><strong>debuissem</strong></span> <span class='ocrx_word' id='word_1_258' title='bbox 926 2703 1039 2769; x_wconf 86' lang='lat' dir='ltr'><strong>aliquam</strong></span> <span class='ocrx_word' id='word_1_259' title='bbox 1064 2722 1095 2755; x_wconf 86' lang='lat' dir='ltr'><strong>ex</strong></span> 
     </span>
     <span class='ocr_line' id='line_1_33' title="bbox 117 2766 1094 2840; baseline 0.006 -24"><span class='ocrx_word' id='word_1_260' title='bbox 117 2767 158 2827; x_wconf 90' lang='lat' dir='ltr'><strong>iis,</strong></span> <span class='ocrx_word' id='word_1_261' title='bbox 175 2783 238 2832; x_wconf 87' lang='lat' dir='ltr'><strong>quas</strong></span> <span class='ocrx_word' id='word_1_262' title='bbox 257 2766 352 2818; x_wconf 87' lang='lat' dir='ltr'><strong>Scholl.</strong></span> <span class='ocrx_word' id='word_1_263' title='bbox 372 2769 483 2834; x_wconf 87' lang='lat' dir='ltr'><strong>probant</strong></span> <span class='ocrx_word' id='word_1_264' title='bbox 500 2768 614 2819; x_wconf 75' lang='grc'><strong>10000110</strong></span> <span class='ocrx_word' id='word_1_265' title='bbox 633 2769 696 2829; x_wconf 84' lang='grc'><strong>0010,</strong></span> <span class='ocrx_word' id='word_1_266' title='bbox 714 2766 764 2818; x_wconf 72' lang='lat' dir='ltr'><strong>oba</strong></span> <span class='ocrx_word' id='word_1_267' title='bbox 776 2767 939 2838; x_wconf 78' lang='grc' dir='ltr'><em>ἀχαρίστως,</em></span> <span class='ocrx_word' id='word_1_268' title='bbox 953 2781 978 2822; x_wconf 92' lang='lat' dir='ltr'><strong>et</strong></span> <span class='ocrx_word' id='word_1_269' title='bbox 988 2770 1094 2840; x_wconf 83' lang='grc' dir='ltr'><em>μήποτε</em></span> 
     </span>
     <span class='ocr_line' id='line_1_34' title="bbox 116 2829 1096 2905; baseline 0.01 -23"><span class='ocrx_word' id='word_1_270' title='bbox 116 2829 237 2895; x_wconf 75' lang='grc' dir='ltr'><em>ἄμεινον,</em></span> <span class='ocrx_word' id='word_1_271' title='bbox 256 2834 291 2901; x_wconf 93' lang='lat' dir='ltr'><strong>(h.</strong></span> <span class='ocrx_word' id='word_1_272' title='bbox 311 2853 332 2885; x_wconf 93' lang='grc'><strong>0.</strong></span> <span class='ocrx_word' id='word_1_273' title='bbox 351 2835 441 2886; x_wconf 75' lang='lat' dir='ltr'><strong>atellae</strong></span> <span class='ocrx_word' id='word_1_274' title='bbox 451 2840 571 2902; x_wconf 79' lang='lat' dir='ltr'><strong>fortusse,</strong></span> <span class='ocrx_word' id='word_1_275' title='bbox 590 2833 683 2886; x_wconf 82' lang='lat' dir='ltr'><strong>baud</strong></span> <span class='ocrx_word' id='word_1_276' title='bbox 699 2837 769 2887; x_wconf 80' lang='lat' dir='ltr'><strong>acio</strong></span> <span class='ocrx_word' id='word_1_277' title='bbox 788 2853 829 2887; x_wconf 80' lang='lat' dir='ltr'><strong>aa</strong></span> <span class='ocrx_word' id='word_1_278' title='bbox 847 2839 936 2888; x_wconf 83' lang='lat' dir='ltr'><strong>melius</strong></span> <span class='ocrx_word' id='word_1_279' title='bbox 952 2839 1054 2905; x_wconf 65' lang='lat' dir='ltr'><strong>feeerit)</strong></span> <span class='ocrx_word' id='word_1_280' title='bbox 1067 2850 1096 2892; x_wconf 89' lang='lat' dir='ltr'><strong>nt</strong></span> 
     </span>
     <span class='ocr_line' id='line_1_35' title="bbox 119 2901 1094 2974; baseline 0.007 -22"><span class='ocrx_word' id='word_1_281' title='bbox 119 2920 141 2953; x_wconf 91' lang='grc' dir='ltr'><strong>ν.</strong></span> <span class='ocrx_word' id='word_1_282' title='bbox 160 2902 219 2958; x_wconf 73' lang='grc'><strong>501.</strong></span> <span class='ocrx_word' id='word_1_283' title='bbox 236 2901 359 2968; x_wconf 71' lang='grc' dir='ltr'><em>πρόσθεν</em></span> <span class='ocrx_word' id='word_1_284' title='bbox 378 2923 403 2970; x_wconf 88' lang='lat' dir='ltr'><strong>p.</strong></span> <span class='ocrx_word' id='word_1_285' title='bbox 420 2905 533 2971; x_wconf 81' lang='grc' dir='ltr'><em>πρῶτος</em></span> <span class='ocrx_word' id='word_1_286' title='bbox 550 2912 599 2955; x_wconf 85' lang='lat' dir='ltr'><strong>etc.</strong></span> <span class='ocrx_word' id='word_1_287' title='bbox 617 2912 662 2954; x_wconf 91' lang='lat' dir='ltr'><strong>aut</strong></span> <span class='ocrx_word' id='word_1_288' title='bbox 679 2905 753 2955; x_wconf 88' lang='lat' dir='ltr'><strong>hasce</strong></span> <span class='ocrx_word' id='word_1_289' title='bbox 772 2922 822 2956; x_wconf 92' lang='lat' dir='ltr'><strong>non</strong></span> <span class='ocrx_word' id='word_1_290' title='bbox 840 2906 998 2974; x_wconf 85' lang='lat' dir='ltr'><strong>inelegantes</strong></span> <span class='ocrx_word' id='word_1_291' title='bbox 1011 2909 1094 2974; x_wconf 84' lang='lat' dir='ltr'><strong>scrip-</strong></span> 
     </span>
     <span class='ocr_line' id='line_1_36' title="bbox 119 2968 1093 3043; baseline 0.003 -22"><span class='ocrx_word' id='word_1_292' title='bbox 119 2978 197 3030; x_wconf 88' lang='lat' dir='ltr'><strong>turas,</strong></span> <span class='ocrx_word' id='word_1_293' title='bbox 216 2968 280 3020; x_wconf 79' lang='grc' dir='ltr'><strong>οὐδὲ</strong></span> <span class='ocrx_word' id='word_1_294' title='bbox 296 2971 346 3033; x_wconf 84' lang='grc' dir='ltr'><strong>μὲν</strong></span> <span class='ocrx_word' id='word_1_295' title='bbox 364 2970 453 3040; x_wconf 74' lang='grc' dir='ltr'><strong><em>ἰδρείῃ</em></strong></span> <span class='ocrx_word' id='word_1_296' title='bbox 473 2989 497 3038; x_wconf 92' lang='lat' dir='ltr'><strong>p.</strong></span> <span class='ocrx_word' id='word_1_297' title='bbox 518 2970 581 3022; x_wconf 80' lang='grc' dir='ltr'><strong><em>οὐδέ</em></strong></span> <span class='ocrx_word' id='word_1_298' title='bbox 603 2973 628 3021; x_wconf 89' lang='grc' dir='ltr'><strong>τ’</strong></span> <span class='ocrx_word' id='word_1_299' title='bbox 653 2970 758 3043; x_wconf 70' lang='grc' dir='ltr'><em>ἀϊδρείῃ</em></span> <span class='ocrx_word' id='word_1_300' title='bbox 780 2990 804 3041; x_wconf 81' lang='lat' dir='ltr'><strong>p.</strong></span> <span class='ocrx_word' id='word_1_301' title='bbox 832 2975 897 3034; x_wconf 68' lang='lat'><strong>198„</strong></span> <span class='ocrx_word' id='word_1_302' title='bbox 921 2973 986 3033; x_wconf 81' lang='grc' dir='ltr'><em>τούς</em></span> <span class='ocrx_word' id='word_1_303' title='bbox 1011 2994 1035 3041; x_wconf 94' lang='lat' dir='ltr'><strong>p.</strong></span> <span class='ocrx_word' id='word_1_304' title='bbox 1061 2974 1093 3043; x_wconf 79' lang='grc' dir='ltr'><strong>δή</strong></span> 
     </span>
     <span class='ocr_line' id='line_1_37' title="bbox 116 3036 1093 3108; baseline 0.002 -15"><span class='ocrx_word' id='word_1_305' title='bbox 116 3053 145 3100; x_wconf 77' lang='grc' dir='ltr'><strong>μ.</strong></span> <span class='ocrx_word' id='word_1_306' title='bbox 164 3040 216 3100; x_wconf 87' lang='grc'><strong>68.,</strong></span> <span class='ocrx_word' id='word_1_307' title='bbox 234 3036 304 3108; x_wconf 76' lang='grc' dir='ltr'><strong>ἵππῳ</strong></span> <span class='ocrx_word' id='word_1_308' title='bbox 322 3057 346 3107; x_wconf 88' lang='lat' dir='ltr'><strong>p.</strong></span> <span class='ocrx_word' id='word_1_309' title='bbox 367 3036 453 3091; x_wconf 81' lang='grc' dir='ltr'><em>ἵππων</em></span> <span class='ocrx_word' id='word_1_310' title='bbox 472 3037 495 3091; x_wconf 81' lang='grc' dir='ltr'><strong>δ.</strong></span> <span class='ocrx_word' id='word_1_311' title='bbox 517 3043 572 3095; x_wconf 73' lang='lat'><strong>142.</strong></span> <span class='ocrx_word' id='word_1_312' title='bbox 602 3040 669 3091; x_wconf 87' lang='lat' dir='ltr'><strong>Nam</strong></span> <span class='ocrx_word' id='word_1_313' title='bbox 687 3040 849 3092; x_wconf 72' lang='lat' dir='ltr'><strong>scholiastae</strong></span> <span class='ocrx_word' id='word_1_314' title='bbox 867 3059 917 3092; x_wconf 91' lang='lat' dir='ltr'><strong>non</strong></span> <span class='ocrx_word' id='word_1_315' title='bbox 936 3043 1093 3104; x_wconf 74' lang='grc' dir='ltr'><strong>000110,Δο-</strong></span> 
     </span>
     <span class='ocr_line' id='line_1_38' title="bbox 118 3105 1095 3177; baseline 0.006 -21"><span class='ocrx_word' id='word_1_316' title='bbox 118 3107 269 3173; x_wconf 84' lang='lat' dir='ltr'><strong>stophanem</strong></span> <span class='ocrx_word' id='word_1_317' title='bbox 287 3109 324 3160; x_wconf 89' lang='lat' dir='ltr'><strong>ibi</strong></span> <span class='ocrx_word' id='word_1_318' title='bbox 342 3105 412 3158; x_wconf 77' lang='grc' dir='ltr'>ἵππω</span> <span class='ocrx_word' id='word_1_319' title='bbox 430 3110 524 3176; x_wconf 77' lang='lat' dir='ltr'><strong>legisse</strong></span> <span class='ocrx_word' id='word_1_320' title='bbox 548 3109 663 3159; x_wconf 86' lang='lat' dir='ltr'><strong>dualiter.</strong></span> <span class='ocrx_word' id='word_1_321' title='bbox 699 3107 752 3160; x_wconf 83' lang='lat' dir='ltr'><strong>Sed</strong></span> <span class='ocrx_word' id='word_1_322' title='bbox 776 3109 817 3160; x_wconf 88' lang='lat' dir='ltr'><strong>his</strong></span> <span class='ocrx_word' id='word_1_323' title='bbox 841 3112 866 3160; x_wconf 92' lang='lat' dir='ltr'><strong>in</strong></span> <span class='ocrx_word' id='word_1_324' title='bbox 891 3110 953 3162; x_wconf 87' lang='lat' dir='ltr'><strong>locis</strong></span> <span class='ocrx_word' id='word_1_325' title='bbox 976 3111 1095 3177; x_wconf 78' lang='lat' dir='ltr'><strong>vulgatae</strong></span> 
     </span>
     <span class='ocr_line' id='line_1_39' title="bbox 118 3174 449 3244; baseline 0.006 -20"><span class='ocrx_word' id='word_1_326' title='bbox 118 3174 221 3227; x_wconf 82' lang='lat' dir='ltr'><strong>delendi</strong></span> <span class='ocrx_word' id='word_1_327' title='bbox 240 3177 304 3228; x_wconf 86' lang='lat' dir='ltr'><strong>benc</strong></span> <span class='ocrx_word' id='word_1_328' title='bbox 322 3185 449 3244; x_wconf 88' lang='lat' dir='ltr'><strong>poterunt.</strong></span> 
     </span>
    </p>

    <p class='ocr_par' dir='ltr' id='par_1_10' title="bbox 115 3243 1094 3587">
     <span class='ocr_line' id='line_1_40' title="bbox 186 3243 1094 3312; baseline 0.008 -19"><span class='ocrx_word' id='word_1_329' title='bbox 186 3245 209 3309; x_wconf 77' lang='lat'><strong>²)</strong></span> <span class='ocrx_word' id='word_1_330' title='bbox 225 3243 355 3297; x_wconf 76' lang='lat' dir='ltr'><strong>Videlicet</strong></span> <span class='ocrx_word' id='word_1_331' title='bbox 373 3246 420 3296; x_wconf 89' lang='lat' dir='ltr'><strong>hoc</strong></span> <span class='ocrx_word' id='word_1_332' title='bbox 438 3261 512 3296; x_wconf 83' lang='lat' dir='ltr'><strong>seusu</strong></span> <span class='ocrx_word' id='word_1_333' title='bbox 532 3245 639 3312; x_wconf 85' lang='lat' dir='ltr'><strong>diligens</strong></span> <span class='ocrx_word' id='word_1_334' title='bbox 659 3243 779 3310; x_wconf 86' lang='lat' dir='ltr'><strong>cogitatio</strong></span> <span class='ocrx_word' id='word_1_335' title='bbox 797 3245 888 3296; x_wconf 87' lang='lat' dir='ltr'><strong>imbuit</strong></span> <span class='ocrx_word' id='word_1_336' title='bbox 906 3257 1094 3312; x_wconf 88' lang='lat' dir='ltr'><strong>comparantem</strong></span> 
     </span>
     <span class='ocr_line' id='line_1_41' title="bbox 115 3312 1093 3382; baseline 0.007 -21"><span class='ocrx_word' id='word_1_337' title='bbox 115 3314 202 3362; x_wconf 86' lang='lat' dir='ltr'><strong>omnia</strong></span> <span class='ocrx_word' id='word_1_338' title='bbox 220 3312 266 3363; x_wconf 88' lang='lat' dir='ltr'><strong>eub</strong></span> <span class='ocrx_word' id='word_1_339' title='bbox 285 3329 335 3364; x_wconf 88' lang='lat' dir='ltr'><strong>uno</strong></span> <span class='ocrx_word' id='word_1_340' title='bbox 353 3315 482 3381; x_wconf 87' lang='lat' dir='ltr'><strong>adspectu.</strong></span> <span class='ocrx_word' id='word_1_341' title='bbox 511 3313 541 3364; x_wconf 93' lang='lat' dir='ltr'><strong>Iu</strong></span> <span class='ocrx_word' id='word_1_342' title='bbox 559 3313 668 3379; x_wconf 86' lang='lat' dir='ltr'><strong>siugulis</strong></span> <span class='ocrx_word' id='word_1_343' title='bbox 685 3314 761 3374; x_wconf 88' lang='lat' dir='ltr'><strong>enim,</strong></span> <span class='ocrx_word' id='word_1_344' title='bbox 780 3321 809 3365; x_wconf 92' lang='lat' dir='ltr'><strong>ut</strong></span> <span class='ocrx_word' id='word_1_345' title='bbox 827 3330 904 3382; x_wconf 91' lang='lat' dir='ltr'><strong>eaepe</strong></span> <span class='ocrx_word' id='word_1_346' title='bbox 922 3315 982 3376; x_wconf 85' lang='lat' dir='ltr'><strong>dixi,</strong></span> <span class='ocrx_word' id='word_1_347' title='bbox 1003 3332 1093 3382; x_wconf 84' lang='lat' dir='ltr'><strong>parum</strong></span> 
     </span>
     <span class='ocr_line' id='line_1_42' title="bbox 115 3381 1093 3450; baseline 0.004 -19"><span class='ocrx_word' id='word_1_348' title='bbox 115 3388 227 3442; x_wconf 86' lang='lat' dir='ltr'><strong>certum,</strong></span> <span class='ocrx_word' id='word_1_349' title='bbox 252 3382 313 3448; x_wconf 86' lang='lat' dir='ltr'><strong>quid</strong></span> <span class='ocrx_word' id='word_1_350' title='bbox 337 3388 447 3450; x_wconf 90' lang='lat' dir='ltr'><strong>quisque</strong></span> <span class='ocrx_word' id='word_1_351' title='bbox 469 3382 605 3434; x_wconf 88' lang='lat' dir='ltr'><strong>coniecerit</strong></span> <span class='ocrx_word' id='word_1_352' title='bbox 627 3383 733 3448; x_wconf 89' lang='lat' dir='ltr'><strong>primus.</strong></span> <span class='ocrx_word' id='word_1_353' title='bbox 774 3381 872 3444; x_wconf 82' lang='lat' dir='ltr'><strong>Quodsi</strong></span> <span class='ocrx_word' id='word_1_354' title='bbox 895 3385 1054 3435; x_wconf 82' lang='lat' dir='ltr'><strong>coniecturae</strong></span> <span class='ocrx_word' id='word_1_355' title='bbox 1078 3403 1093 3435; x_wconf 86' lang='lat' dir='ltr'><strong>a</strong></span> 
     </span>
     <span class='ocr_line' id='line_1_43' title="bbox 116 3450 1091 3517; baseline 0.004 -19"><span class='ocrx_word' id='word_1_356' title='bbox 116 3451 245 3501; x_wconf 82' lang='lat' dir='ltr'><strong>veteribus</strong></span> <span class='ocrx_word' id='word_1_357' title='bbox 264 3450 414 3502; x_wconf 84' lang='lat' dir='ltr'><strong>lectionibus</strong></span> <span class='ocrx_word' id='word_1_358' title='bbox 433 3450 580 3517; x_wconf 84' lang='lat' dir='ltr'><strong>dignoscis</strong></span> <span class='ocrx_word' id='word_1_359' title='bbox 598 3450 671 3502; x_wconf 87' lang='lat' dir='ltr'><strong>nobis</strong></span> <span class='ocrx_word' id='word_1_360' title='bbox 690 3452 837 3500; x_wconf 83' lang='lat' dir='ltr'><strong>coniectura</strong></span> <span class='ocrx_word' id='word_1_361' title='bbox 856 3459 974 3516; x_wconf 81' lang='lat' dir='ltr'><strong>possent,</strong></span> <span class='ocrx_word' id='word_1_362' title='bbox 993 3451 1091 3503; x_wconf 88' lang='lat' dir='ltr'><strong>inillis</strong></span> 
     </span>
     <span class='ocr_line' id='line_1_44' title="bbox 117 3514 1094 3587; baseline 0.015 -19"><span class='ocrx_word' id='word_1_363' title='bbox 117 3519 278 3584; x_wconf 86' lang='lat' dir='ltr'><strong>potissimum</strong></span> <span class='ocrx_word' id='word_1_364' title='bbox 297 3535 454 3571; x_wconf 87' lang='lat' dir='ltr'><strong>numerarem</strong></span> <span class='ocrx_word' id='word_1_365' title='bbox 473 3519 527 3580; x_wconf 86' lang='lat' dir='ltr'><strong>has,</strong></span> <span class='ocrx_word' id='word_1_366' title='bbox 544 3534 569 3584; x_wconf 79' lang='lat' dir='ltr'><strong>r.</strong></span> <span class='ocrx_word' id='word_1_367' title='bbox 589 3521 627 3574; x_wconf 88' lang='lat'><strong>13.</strong></span> <span class='ocrx_word' id='word_1_368' title='bbox 653 3515 796 3568; x_wconf 81' lang='grc' dir='ltr'><em>κονισάλον</em></span> <span class='ocrx_word' id='word_1_369' title='bbox 821 3514 920 3586; x_wconf 74' lang='grc' dir='ltr'><em>ὤρνυτ’</em></span> <span class='ocrx_word' id='word_1_370' title='bbox 944 3517 1035 3587; x_wconf 59' lang='grc' dir='ltr'><em>ἀέλλη,</em></span> <span class='ocrx_word' id='word_1_371' title='bbox 1059 3520 1094 3586; x_wconf 75' lang='lat' dir='ltr'><strong>(⁸i</strong></span> 
     </span>
    </p>
   </div>
   <div class='ocr_carea' id='block_1_10' title="bbox 0 0 1352 4116">
    <p class='ocr_par' dir='ltr' id='par_1_11' title="bbox 0 0 1352 4116">
     <span class='ocr_line' id='line_1_45' title="bbox 0 0 1352 4116; baseline 0 2"><span class='ocrx_word' id='word_1_372' title='bbox 0 0 1352 4116; x_wconf 95' lang='lat' dir='ltr'><strong> </strong></span> 
     </span>
    </p>
   </div>
  </div>
 </body>
</html>
