2702 4124
504 294 693 352 ..27-

105 473 184 530 lamo
205 476 247 528 nsi
268 481 338 540 sunt,
359 491 409 546 pro
430 475 606 546 Mnemosyne
639 491 738 528 novem
757 475 939 546 papyriferam
961 475 1039 530 deam
1058 476 1086 528 in

106 551 228 606 Carmen
247 552 405 605 induxisset.
446 552 557 607 Manent
570 552 636 607 talia
647 551 698 604 etsi
721 567 763 604 res
778 559 805 605 et
819 570 907 606 mores
928 559 1084 620 mutantur3

108 628 342 698 quemadmodum
364 629 390 682 in
404 629 504 698 linguis
525 629 610 683 verba
635 636 759 691 monent,
786 629 995 698 significationes
1020 629 1085 682 fleo-

107 711 207 759 tuntur
226 705 261 760 ad
283 711 434 774 temporum
455 712 484 759 et
502 724 592 760 rerum
606 703 804 758 vicissitudines
818 705 912 760 Verbo
933 701 1084 764 πεμπάζειν

109 799 198 852 quum
218 783 303 834 utitur
321 781 485 851 Apollonius
504 782 628 836 Rhodius
650 780 699 847 (ll,
720 779 808 852 dib),
829 783 900 836 hune
921 799 998 836 nemo
1020 799 1084 836 sane

108 857 208 912 credat
228 859 347 927 quinque
367 859 459 928 digitis
478 874 651 925 numerasse3
672 874 705 909 ne
725 856 875 913 Homerum
895 859 1013 928 quidem,
1039 859 1086 926 qui
1183 869 1189 883 ¹

107 936 137 989 id
159 935 327 988 vocabulum
346 937 421 1004 prior
439 937 573 992 adhibuit.
612 934 684 988 Nam
712 933 746 1001 τῇ
764 932 834 984 κατὰ
852 933 953 984 δεκάδα
972 931 1085 999 ἀριθμή-

108 1026 155 1060 σει
174 1029 239 1064 usus
266 1029 353 1081 usque
379 1012 415 1067 ad
443 1019 544 1081 10‚000
565 1015 701 1076 numerat,
730 1019 757 1065 et
778 1013 925 1066 exereitum
950 1011 1086 1068 Graecum

110 1089 197 1142 ferme
220 1093 340 1153 tondeo
361 1088 499 1144 hominum
518 1097 649 1144 recenset.
690 1083 863 1156 contrarius,
890 1089 938 1142 sed
966 1090 1085 1143 eiusdem

110 1165 167 1218 loci
193 1181 268 1218 error
293 1171 378 1232 esset,
403 1168 425 1220 si
453 1169 512 1237 quis
538 1184 571 1220 ex
596 1163 716 1219 moribus
743 1183 808 1221 suae
833 1167 930 1220 aetatis
957 1162 1083 1232 εὐνομίην

110 1241 229 1294 Homeri
249 1241 291 1294 vel
311 1243 400 1311 ipsum
421 1240 502 1302 νόμον
524 1244 637 1296 Hesiodi
651 1239 687 1291 ed
702 1243 815 1313 scriptas
830 1243 913 1312 leges,
935 1243 991 1297 sive
1008 1237 1084 1308 ὥρην

109 1317 148 1370 ed
175 1317 246 1370 hano
270 1325 390 1372 nostram
420 1320 581 1373 divisionem
608 1320 660 1374 diei
688 1319 814 1388 referret,
842 1336 899 1386 seu,
920 1319 992 1389 quod
1014 1335 1086 1373 nune

112 1394 242 1448 tmaxime
262 1396 376 1463 agimus,
398 1412 430 1449 ex
451 1397 536 1450 verbo
555 1393 673 1461 γράφειν
694 1403 742 1450 eut
761 1397 868 1450 nomine
880 1395 955 1460 σῆμα
963 1394 997 1465 ¹⁰)
1019 1397 1085 1465 srip-

112 1470 213 1524 foriam
237 1478 323 1524 artem
348 1472 403 1525 iam
427 1480 499 1540 turn,
527 1491 609 1542 quum
635 1475 682 1527 illa
701 1474 728 1526 in
748 1491 799 1526 usu
820 1479 921 1539 essent,
948 1473 1086 1543 vulgatam

111 1547 198 1600 fuisse
220 1548 369 1616 colligeret.
418 1548 480 1601 Hoc
509 1567 580 1618 vago
610 1567 712 1620 genere
742 1551 871 1604 sermonis
901 1566 957 1602 nou
981 1557 1022 1604 est
1046 1550 1086 1604 ita

110 1623 282 1678 abutendum
300 1625 327 1676 in
347 1626 493 1680 scrutanda
512 1633 648 1694 potestate
668 1627 873 1694 vocabulorum,
895 1643 1010 1695 quorum
1030 1626 1086 1680 eui·

114 1717 168 1768 que
189 1717 239 1754 sue
259 1701 392 1769 quaedam
411 1701 526 1756 historia
546 1711 596 1771 est,
618 1721 688 1772 quae
708 1721 763 1757 non
784 1721 817 1757 ex
836 1704 902 1772 ipsis
923 1703 1037 1756 vocibus
1059 1709 1087 1756 et

116 1775 315 1844 locutionibus,
346 1777 394 1831 sed
415 1795 447 1831 ex
471 1786 623 1848 temporum
651 1789 678 1833 et
709 1798 814 1833 morum
839 1780 949 1833 aliunde
977 1780 1087 1848 cognite

114 1853 271 1906 conditione
284 1854 393 1923 pendet.
433 1855 501 1908 Illae
515 1856 624 1925 quidem
637 1856 720 1910 talem
734 1858 921 1926 quaestionem
934 1856 969 1910 ad
985 1856 1086 1908 exitum

115 1946 168 1982 non
188 1929 337 1984 adducunt.

540 2107 646 2181 Xlll.

191 2260 226 2313 In
250 2261 302 2316 hac
329 2260 498 2317 dubitatione
529 2265 552 2317 si
583 2266 775 2320 auctoritatem
798 2270 921 2316 veterum
954 2264 1086 2332 requiras,

116 2336 246 2391 tenebrae
262 2345 406 2392 occurrunt
420 2356 575 2395 communes
590 2343 727 2411 plerisque
742 2340 975 2394 celeberrimarum
989 2341 1087 2393 artium

118 2414 275 2483 originibus.
321 2414 413 2483 Quota
440 2418 511 2469 euim
536 2434 661 2488 quaeque
683 2435 726 2471 ars
747 2424 803 2482 est,
831 2417 875 2469 vel
895 2433 927 2469 ex
947 2417 988 2484 iis,
1017 2432 1087 2485 quae

116 2507 202 2559 nuper
222 2491 239 2560 i,
261 2508 284 2546 e.
316 2499 380 2546 aute
409 2494 515 2562 aliquot
545 2495 655 2548 saecule
675 2501 798 2563 repertae
818 2502 894 2557 sunt,
916 2493 992 2545 cuius
1012 2493 1088 2545 initis

117 2573 144 2619 et
169 2567 337 2622 incremento
362 2586 379 2621 a
409 2569 486 2623 bonis
511 2571 668 2624 auctoribus
693 2577 795 2624 testata
821 2567 960 2638 legamus?
1000 2567 1088 2637 Atqui

116 2677 322 2692 -ᾑκ

184 2728 216 2795 ¹⁰)
244 2728 348 2779 Constat
371 2729 473 2778 verbum
495 2729 629 2798 γράφειν,
652 2738 680 2780 ut
698 2727 854 2797 χαράσσειν
878 2738 904 2778 et
921 2729 1030 2788 similis,
1054 2745 1087 2779 ex

116 2813 222 2847 numero
240 2797 392 2847 factitiorum
405 2796 731 2866 (ὀνοματοπεπυιημένων)
743 2813 810 2858 esse,
821 2807 847 2847 et
859 2799 958 2863 proprie
965 2796 1088 2862 fodiendi

114 2883 135 2915 s.
158 2864 291 2928 scalpendi
320 2866 526 2930 significationem
554 2868 653 2919 hebere,
700 2865 784 2916 Sobel.
815 2866 939 2915 Theocrit.
972 2865 1021 2925 vl,
1047 2866 1087 2918 18.

116 2929 140 2982 Γ
135 2932 227 3002 (oddar
244 2932 275 2982 τὸ
300 2929 378 2988 ξέσαι
400 2933 425 2982 οἱ
448 2932 555 2984 παλαιοὶ
577 2932 679 3001 ἔλεγον.
719 2934 831 2999 Hesyeh.
855 2928 880 2982 Γ
875 2933 973 3000 ράῲαι·
997 2930 1087 2995 ξύσαι,

112 2997 245 3119 χαρᾴξαι,
263 2999 687 3126 ιῗκιιύξδαιώὲῐίολιιὲιιδεὸωαιιίἓοῧεέο
706 3001 1008 3124 ἀορὲξξοηᾶίῐῗέθίηοίἒε
1025 3001 1088 3052 locis

116 3087 349 3130 omnrus,..
422 3110 477 3124 ..
550 3087 603 3123 ,ν.
674 3105 733 3121 ..
803 3105 855 3121 ..
927 3105 934 3120 .
1009 3086 1086 3120 ss..

116 3139 173 3192 280.
193 3155 223 3188 to.
242 3139 300 3191 228.
337 3138 420 3190 Etiam
438 3139 464 3188 in
487 3142 578 3190 nostris
602 3086 976 3204 linguispverbumloseribendi
991 3084 1087 3187 {0st-

116 3205 176 3257 tiem
204 3205 297 3271 scalpri
324 3207 422 3258 fabrilis
448 3208 572 3258 similisve
599 3207 760 3257 instrumenti
786 3215 864 3256 ronst.
908 3204 997 3270 Neque
1023 3204 1088 3254 illud

118 3275 244 3325 Graecum
256 3275 466 3339 significationem
476 3274 602 3341 pinpendr'
613 3275 690 3324 behet
702 3274 770 3340 spud
782 3273 927 3324 Homerum.
956 3270 1086 3340 Σημάτων

117 3350 200 3392 sutem
222 3342 274 3391 sive
298 3341 431 3410 σημείων,
454 3353 577 3409 quatenus
600 3343 636 3392 ite
658 3351 781 3393 vocentur
805 3343 885 3408 siglae
903 3352 929 3390 et
947 3344 997 3393 elie
1015 3357 1086 3392 eom-

118 3409 206 3475 pendis
224 3410 362 3474 scribendi,
384 3413 465 3478 prims
487 3412 594 3478 vestigia
619 3410 731 3461 ostendit
753 3419 821 3460 netes
845 3409 1035 3474 sophistarum:
1060 3414 1087 3461 iu

118 3478 241 3595 grissibuf
260 3481 415 3600 timporibus
434 3497 464 3531 ee
487 3480 572 3546 inepte
594 3481 740 3545 quaesieris.
776 3473 840 3528 Vide
858 3477 939 3544 Lipsii
956 3478 1037 3546 Epist.
1055 3479 1088 3530 ed

140 3561 209 3612 ngas
239 3585 246 3610 ‚
282 3550 306 3602 7.
