2702 4124
497 324 685 376 ..23-

97 497 203 567 Atque
226 498 358 553 hactenus
378 497 484 553 facilem
503 515 641 553 assensum
661 499 753 553 videor
772 498 837 553 mibi
857 500 998 556 habitums
1019 517 1074 556 om-

97 577 195 641 nium,
217 577 264 644 qui
290 575 378 656 oculis
401 576 456 628 suis
477 574 587 628 credere
608 575 768 629 didicerunt.
806 576 846 630 At
865 595 945 644 vero,
967 579 989 630 si
1008 595 1074 632 non·

97 653 246 705 nullorum
275 651 424 721 probabilis
449 658 490 704 est
515 651 647 720 suspicio,
675 652 743 706 haec
767 659 795 706 et
820 654 925 724 reliqua
950 653 1076 709 Carmina

97 729 216 782 illorum
245 735 397 797 temporum
422 727 503 781 nullis
530 728 679 782 litterarum
706 730 832 784 mandata
850 731 930 799 notis,
954 731 1002 785 sed
1021 732 1075 800 pri·

98 823 180 860 mum
200 824 217 860 a
236 806 327 874 poetis
346 805 500 858 memoriter
518 804 592 860 facta
611 811 638 858 et
659 815 740 860 cantu
760 807 847 874 edita,
868 813 925 861 tum
945 825 994 876 per
1014 807 1074 862 rha-

99 882 218 954 psodos‚
241 883 319 935 iniis
340 880 491 936 ediscendis
511 882 621 950 propria
640 891 698 936 arte
713 890 869 952 occupatos,
892 884 1013 948 canendo
1035 884 1074 937 di-

98 959 219 1028 vulgata
232 976 304 1028 esse3
326 975 358 1011 ex
372 975 435 1027 quo,
455 964 600 1030 antequam
618 960 719 1029 scripto
734 959 808 1014 velut
821 960 976 1038 figererssr,
997 960 1075 1028 plura

100 1038 131 1089 in
151 1036 188 1088 iis
207 1035 251 1090 vel
271 1036 383 1088 consilio
410 1035 453 1088 vel
479 1052 543 1088 casu
562 1035 697 1089 immutari
722 1053 831 1090 necesse
852 1043 935 1104 esset;
963 1037 986 1089 si
1006 1036 1075 1090 banc

99 1114 194 1182 ipsam
215 1112 385 1178 cheensem,
406 1111 499 1166 statim
512 1118 542 1164 ut
562 1113 643 1164 scribi
658 1119 755 1181 coepta
775 1119 845 1180 sunt,
867 1113 966 1167 multas
986 1112 1074 1166 diver·

101 1191 201 1244 sitates
222 1188 385 1254 habuerunt,
406 1206 469 1242 mox
488 1205 573 1242 novas
594 1189 708 1242 subinde
727 1190 901 1243 adsciverunt
922 1191 1075 1244 temeritate

103 1273 133 1320 et
155 1266 319 1319 coniecturis
334 1282 435 1333 eorum,
456 1266 501 1334 qui
520 1282 552 1319 ea
566 1266 688 1320 certatim
707 1266 835 1334 expolire,
857 1273 884 1319 et
903 1265 939 1321 ad
959 1267 1075 1334 optimas

101 1344 182 1412 leges
202 1343 329 1412 poeticae
349 1342 415 1396 artis
435 1341 470 1395 ad
484 1358 615 1410 suamque
630 1343 850 1396 consuetudinem
868 1343 997 1412 loquendi
1017 1359 1075 1395 cor·

101 1420 194 1488 rigere
208 1418 370 1486 studebant3
392 1419 414 1470 si
429 1417 545 1486 denique
564 1425 651 1471 totum
666 1418 737 1472 hunc
751 1426 905 1472 contextum
926 1438 959 1474 ac
979 1419 1075 1474 seriem

102 1496 222 1548 duorum
250 1501 443 1564 perpetuorum
463 1493 616 1548 Carminum
641 1512 694 1548 non
714 1502 769 1550 tam
790 1497 862 1562 eius,
886 1497 929 1549 cui
950 1513 1009 1550 eam
1028 1496 1075 1548 tri-

101 1573 191 1624 buere
205 1572 403 1638 consuevimus,
425 1570 542 1640 ingenio,
563 1588 643 1639 quam
657 1572 794 1626 sollertiae
811 1573 948 1642 politioris
966 1573 1028 1626 aevi
1048 1576 1076 1626 et

102 1649 254 1702 multorum
276 1648 426 1700 coniunctis
441 1647 536 1700 studiis
558 1647 659 1716 deberi,
679 1665 767 1717 neque
787 1650 856 1703 adeo
877 1649 949 1719 ipsas
969 1645 1074 1709 ἀοιδάς,

104 1743 138 1779 ex
164 1725 264 1794 quibus
291 1719 369 1778 Ilias¹
384 1732 411 1778 et
435 1723 561 1792 Odyssea
587 1725 752 1793 compositae
777 1732 854 1791 sunt,
880 1743 963 1778 unum
982 1743 1075 1780 omnes

102 1808 246 1856 auctorem
268 1801 381 1869 habere,
402 1800 591 1853 verisimilibus
605 1802 770 1870 argumentis
791 1809 818 1855 et
837 1802 986 1855 rationibus
1007 1802 1075 1856 effici

102 1884 213 1948 potest3
234 1877 265 1944 si,
281 1878 400 1947 inquam,
422 1876 502 1930 aliter
518 1877 551 1930 de
572 1876 614 1930 his
636 1877 768 1946 omnibus,
784 1894 816 1930 ac
829 1877 911 1948 vulgo
925 1878 965 1945 fit,
986 1879 1075 1932 existi·

102 1955 234 2008 mandam
255 1961 314 2008 est:
343 1954 408 2023 quid
429 1960 488 2006 tum
509 1953 569 2020 erit,
592 1952 634 2006 his
655 1951 825 2007 Carminibus
844 1954 986 2024 pristinum
1006 1954 1075 2008 nito-

102 2049 162 2085 rem
183 2038 212 2084 et
232 2048 386 2100 germanam
408 2029 522 2084 formam
543 2047 620 2082 suam
639 2028 805 2083 restituere?

183 2107 284 2160 Paucis
305 2106 395 2160 verbis
422 2107 570 2175 significavi
591 2123 637 2172 ea,
664 2106 698 2160 de
723 2107 822 2176 quibus
848 2107 944 2177 paullo
965 2112 1077 2177 postet

104 2183 258 2238 accuratius
279 2184 332 2236 alio
353 2183 414 2236 loco
436 2183 575 2237 disseram.
616 2183 750 2252 Quoniam
771 2184 841 2237 enim
862 2184 959 2252 video,
986 2186 1013 2237 in
1033 2183 1076 2238 his

104 2260 172 2313 mihi
192 2260 364 2329 antiquitatis
383 2276 471 2328 paene
493 2261 578 2313 omnis
598 2260 731 2313 firmatam
747 2260 902 2329 opinionem
923 2261 1077 2314 convellen-

105 2337 169 2390 dam
190 2353 258 2404 esse,
281 2353 336 2405 quo
356 2336 383 2390 iu
399 2337 552 2406 corruptius
566 2353 642 2390 meae
658 2337 778 2390 rationes
792 2338 983 2406 ponderentur,
1005 2352 1077 2391 nuuc

106 2413 238 2466 duntaxat
270 2411 379 2482 potiora
414 2419 555 2466 momenta
585 2430 676 2466 earum
708 2413 859 2466 summatim
890 2420 917 2466 et
947 2427 1077 2482 suspensa

106 2507 188 2543 manu
208 2488 343 2542 tractabo.
390 2489 467 2558 Quae
481 2507 564 2557 quum
583 2489 740 2542 intellexero
755 2491 866 2544 eruditis
886 2507 939 2542 non
959 2491 1076 2559 placere,

105 2566 133 2619 id
156 2571 199 2619 est
221 2565 362 2619 contrariis
377 2566 525 2618 momentis
548 2573 575 2619 et
595 2565 745 2618 rationibus
759 2567 866 2634 elevari,
887 2566 955 2620 haec
974 2565 1076 2634 primus

105 2643 164 2712 ipse
183 2641 346 2708 retractabo,
366 2637 398 2690 τὰ
417 2637 447 2688 δὲ
465 2637 557 2689 πάντα
571 2637 634 2690 deul
652 2638 811 2701 ustensilia
828 2639 915 2690 θεῖεν.
959 2643 1029 2698 Nam
1049 2647 1076 2696 et

105 2812 156 2872 nia,
181 2827 213 2860 ne
236 2818 279 2860 aut
296 2809 446 2860 Aeschinem
469 2818 520 2860 tam
543 2810 691 2862 obliviosam
714 2811 754 2862 rel
775 2813 916 2863 litterarum
938 2820 1076 2878 expertem,

107 2889 151 2930 aut
168 2887 264 2929 mutam
283 2879 444 2929 mutationem
461 2880 596 2929 multorum
614 2880 727 2930 locorum
745 2879 770 2929 in
789 2879 899 2931 Homero
914 2883 1003 2930 iactam
1021 2897 1076 2930 cre-

108 2949 204 3000 damus.
230 2947 281 2996 Sed
298 2948 366 3012 quod
385 2947 536 2998 hemistichii
555 2948 626 2997 illius
644 2964 717 2997 nemo
735 2956 848 2998 veterum
860 2949 942 3014 Iutpp.
955 2946 1076 3012 meminit,

107 3032 157 3066 non
174 3015 334 3075 Eustathius,
352 3031 402 3064 non
420 3014 488 3066 ullus
500 3015 706 3076 Scholiastsrum‚
724 3015 750 3065 id
768 3017 869 3082 quidem
887 3018 971 3066 minus
984 3019 1076 3067 mirum

107 3084 211 3134 ridetur.
246 3082 339 3134 Carent
357 3082 397 3132 illi
415 3086 491 3134 etiam
508 3085 652 3149 insignibus
670 3084 798 3145 versibus,
816 3101 879 3150 quos
897 3086 994 3135 duobus
1012 3084 1076 3135 locis

107 3152 258 3202 Plutarchus
277 3151 350 3201 docet
368 3152 399 3200 ab
411 3151 589 3202 Alexandrinis
607 3160 746 3217 expunctos
763 3169 819 3202 esse
831 3153 857 3202 iu
869 3153 981 3203 oratione
992 3152 1076 3202 Phoa-

108 3220 169 3270 uicis
187 3235 203 3268 ι.
221 3221 280 3274 458.
298 3237 363 3286 sqq„
381 3223 507 3285 repositos
524 3238 540 3270 a
556 3236 597 3270 me
614 3221 721 3270 aliorum
739 3221 852 3286 exemplo
870 3229 896 3272 et
914 3219 1077 3270 iudicioVal·

110 3288 223 3338 chenerii
241 3288 321 3338 Dietr.
339 3289 365 3337 in
382 3287 511 3352 Euripidis
528 3288 629 3353 Reliqq.
648 3307 672 3354 p.
692 3290 750 3342 264.
777 3287 814 3354 [et
830 3289 945 3354 Kuightii
963 3305 987 3337 v.
1006 3303 1076 3352 praa·

108 3357 151 3406 fat.
162 3371 244 3406 novae
256 3356 374 3406 editionis
386 3373 410 3422 p.
420 3355 497 3405 XCV.
507 3354 578 3422 not.].
605 3358 721 3406 Ceterum
736 3373 769 3407 ex
782 3359 822 3406 his
833 3358 949 3408 omnibus
961 3363 1076 3421 apparet,

109 3440 181 3488 quam
199 3424 324 3474 versiam
342 3423 437 3474 dudum
456 3424 597 3490 Giphauius
615 3425 728 3485 senserit,
747 3434 844 3485 textus,
863 3440 912 3488 quo
930 3422 1077 3474 Alexander
1132 3459 1134 3464 .

109 3491 143 3544 M.
155 3509 214 3542 usus
232 3493 274 3552 sit,
293 3493 436 3557 exemplum
454 3494 481 3542 in
497 3501 583 3543 nostro
601 3509 651 3542 nou
669 3509 808 3559 superesse.
833 3491 862 3542 Id
874 3508 966 3542 exano
977 3492 1076 3544 Aristo·

111 3559 158 3610 tele
175 3560 285 3626 intelligi
302 3559 401 3612 licebat.
