2702 4124
614 666 679 741 VI.

236 844 291 901 Sed
304 863 474 917 nequaquam
489 865 532 903 me
544 849 668 918 poenitet
680 848 761 903 huius
781 848 875 917 studii,
896 849 970 919 quod
990 866 1040 920 per
1061 849 1131 904 hanc

157 923 329 978 occasionem
342 923 370 976 in
384 925 547 978 tractatione
565 932 687 979 veterum
702 924 946 980 Grammaticorum
967 928 1130 996 consumpsi.

156 1001 244 1054 Immo
258 1007 362 1054 tanturn
377 1017 409 1055 eo
424 1018 466 1055 me
485 1001 605 1054 adiutum
627 1003 723 1068 sentio,
745 1018 799 1055 non
819 1002 900 1055 modo
922 1002 956 1056 ad
978 1003 1032 1056 hoc
1052 1020 1129 1073 opus,

157 1077 206 1130 sed
227 1076 262 1130 ad
283 1093 388 1131 omnem
408 1077 567 1132 facultatem
587 1078 695 1148 linguae
716 1077 854 1146 Graecae,
875 1078 1007 1132 neminem
1033 1085 1063 1132 ut
1089 1096 1130 1133 ar-

157 1152 244 1206 bitrer
264 1153 292 1206 in
319 1153 375 1206 ullo
397 1152 503 1208 Graeco
524 1155 656 1224 scriptore
678 1154 784 1209 edendo
804 1154 936 1225 proficere
956 1172 1052 1225 posse,
1079 1155 1131 1208 nisi

157 1228 238 1282 simili
260 1246 339 1283 cursu
359 1230 483 1283 lectionis
503 1237 651 1300 praecepta
672 1232 779 1285 illorum
803 1231 957 1302 collegerit,
979 1237 1007 1286 et
1027 1231 1062 1286 ad
1082 1249 1130 1300 op-

157 1305 237 1359 timas
257 1305 376 1360 rationes
402 1306 602 1361 examinaverit.
642 1307 740 1377 Neque
766 1307 795 1362 id
821 1309 966 1362 molestum
992 1308 1130 1379 negotium

157 1389 199 1437 est
214 1383 247 1451 ei,
270 1383 316 1452 qui
331 1382 455 1436 assiduus
470 1389 497 1436 et
511 1383 595 1438 alacri
615 1385 706 1438 animo
727 1383 839 1438 idoneas
859 1386 898 1438 rei
918 1384 999 1438 horas
1020 1400 1130 1454 carpere

157 1461 304 1513 consuerit.
335 1457 423 1514 Credo
438 1476 502 1514 sane
519 1461 626 1514 facilius
648 1477 718 1529 esse,
740 1461 985 1516 Grammaticorum
1004 1461 1130 1515 minutias

157 1535 299 1602 ridentem,
321 1535 354 1589 de
367 1536 507 1590 Homerici
521 1538 621 1590 saeculi
636 1537 763 1592 barbarie
778 1544 805 1592 et
819 1537 929 1591 horrido
944 1537 1001 1592 sive
1022 1537 1130 1592 erudito

157 1613 233 1667 cultu
247 1613 386 1680 sermonis,
409 1612 442 1665 de
457 1612 574 1666 fabulari
588 1614 702 1668 historia
718 1621 745 1669 et
763 1614 916 1683 insipientia
935 1614 1064 1685 mythice,
1086 1613 1130 1665 vel

159 1689 192 1742 de
207 1689 277 1758 epici
292 1687 422 1742 Carminis
442 1689 589 1744 virtutibus
609 1706 643 1743 ex
656 1689 813 1745 Aristotelis
836 1691 951 1744 decretis
966 1689 1129 1760 philosopho

158 1765 295 1819 molimine
321 1765 466 1834 disputare.
512 1765 617 1835 Nempe
643 1767 736 1821 taedet
759 1768 786 1820 in
813 1768 865 1820 ista
889 1767 1007 1820 lectione
1034 1767 1130 1820 doctos

158 1841 328 1896 indoctarum
344 1842 510 1911 quarundam
526 1848 553 1896 et
567 1844 728 1896 minutarum
749 1844 923 1913 argutiarum.
956 1843 996 1896 At
1015 1843 1130 1912 primum

158 1917 293 1972 modestia
311 1925 386 1972 vetat
405 1917 488 1972 ullam
510 1935 564 1972 rem
586 1927 766 1986 contemnere,
788 1920 945 1988 priusquam
966 1935 1024 1972 eam
1044 1918 1130 1988 probe

159 1995 329 2064 cognoveris.
375 1993 427 2062 Et,
454 2012 488 2048 ne
513 1995 615 2063 dicam,
642 2011 722 2064 quarn
748 1995 832 2048 multa
857 1995 895 2048 illi
915 1995 993 2049 nobis
1019 1995 1071 2049 soli
1097 2010 1130 2047 ex

159 2077 268 2125 vetusta
281 2072 411 2124 memoria
430 2073 605 2139 servaverint,
625 2071 707 2124 iidem
728 2071 847 2142 argutuli
868 2087 948 2141 saepe
970 2071 1051 2126 etiam
1071 2087 1129 2125 sen·

159 2163 220 2201 sum
239 2147 385 2202 verborum
405 2148 505 2216 optime
527 2148 687 2217 expediunt,
714 2149 814 2218 quippe
835 2165 904 2218 quos
930 2167 994 2202 usus
1022 2149 1130 2217 linguae

161 2222 280 2278 nondum
295 2224 401 2294 penitus
416 2225 530 2278 amissus
544 2232 617 2278 tutos
633 2226 792 2295 praestabat
806 2243 823 2278 a
840 2223 962 2295 pluribus
983 2223 1130 2290 erroribus,

160 2317 229 2369 quos
250 2301 332 2354 bodie
353 2299 422 2354 male
444 2301 559 2370 tegimus
580 2318 667 2355 norae
687 2301 917 2370 interpretationis
945 2301 1058 2355 deliciis.
1099 2300 1131 2351 In

159 2377 281 2430 Homero
296 2393 377 2446 porro
392 2377 536 2447 singularis
551 2377 699 2432 oblectatio
720 2378 853 2448 quaedam
874 2384 901 2432 et
921 2377 1038 2448 dignitas
1058 2375 1130 2429 illius

160 2470 259 2523 operae
280 2453 385 2507 accedit
406 2471 438 2508 ex
459 2470 507 2521 eo,
536 2452 609 2523 quod
630 2455 764 2508 variarum
785 2454 931 2508 lectionum
952 2460 979 2508 et
1000 2469 1131 2507 canonum

159 2529 353 2596 technicorum,
375 2547 444 2599 quos
461 2529 523 2583 libri
542 2531 711 2600 grammatici
731 2537 758 2584 et
773 2530 883 2584 Scholia
902 2530 1045 2599 praebent,
1067 2544 1130 2582 con-

159 2606 304 2676 quisitione
319 2612 345 2660 et
359 2622 473 2660 censura
485 2605 513 2659 in
526 2613 604 2661 retus
618 2614 645 2662 et
658 2608 795 2676 plerisque
808 2607 926 2676 antiquis
950 2605 1130 2675 scriptoribus

158 2682 295 2752 antiquius
309 2698 406 2736 aevum
420 2699 451 2735 ac
465 2684 542 2751 quasi
556 2685 583 2736 in
596 2684 754 2738 societatem
768 2700 897 2736 vocamur
911 2682 1131 2736 doctissimorum

159 2757 328 2824 criticorum,
350 2776 465 2828 quorum
485 2757 583 2813 iudicia
604 2766 631 2814 et
651 2760 863 2829 praeceptiones,
879 2758 978 2828 quibus
1001 2759 1066 2813 olim
1087 2757 1130 2812 Ci-

159 2836 275 2903 ceronis,
296 2835 414 2906 Virgilii,
435 2835 542 2888 Horatii
562 2835 744 2890 adolescentia
764 2834 927 2904 alebatur-¹),
950 2835 1074 2905 quamvis
1096 2834 1130 2886 de

160 2911 282 2979 Graeca,
302 2910 331 2964 id
352 2919 393 2965 est
412 2913 500 2981 patria
519 2912 651 2981 ipsorum,
678 2913 770 2982 lingua
790 2912 920 2981 scriptas,
948 2929 997 2965 nos
1020 2908 1130 2966 barbari

161 2991 312 3057 ὀψιμαθεῖς
321 2988 421 3057 passim
432 3005 485 3041 non
496 2987 613 3043 absurde
624 2987 756 3058 refingere
769 3005 850 3058 posse
864 2989 1012 3043 videamur.
1034 2986 1130 3041 'l'alem

161 3063 343 3118 conditionem
363 3064 448 3118 critici
469 3065 596 3131 muneris,
617 3065 706 3118 nullus
727 3072 768 3119 est
788 3065 906 3134 scriptor
925 3071 972 3119 aut
987 3068 1071 3134 poeta
1084 3079 1129 3116 an-

160 3139 308 3209 tiquitatis,
330 3140 375 3210 qui
395 3140 506 3210 perinde
527 3148 609 3211 atque
629 3141 674 3194 hic
693 3149 787 3195 noster
807 3142 911 3195 offerat.
954 3141 1043 3210 Quum
1063 3155 1129 3192 vero

160 3216 276 3286 plurima
301 3233 334 3270 ex
357 3216 464 3271 illorum
490 3215 651 3271 criticorum
678 3218 892 3283 commentariis,
923 3222 1052 3286 tanquam
1082 3231 1131 3284 per

160 3310 256 3347 manus
276 3293 390 3362 tradita,
416 3293 469 3347 alia
488 3294 516 3347 in
541 3295 607 3348 alias
633 3301 749 3363 aetates,
775 3292 956 3348 vetustissima
980 3293 1079 3362 partim
1104 3291 1132 3345 in

232 3453 252 3522 ¹)
270 3453 328 3504 Non
348 3454 479 3506 ambitiose
496 3455 546 3506 hoc
564 3453 624 3516 dici,
643 3453 729 3520 plures
746 3453 798 3504 loci
817 3453 961 3514 Ciceronis,
980 3451 1089 3504 Senecae
1108 3459 1133 3502 et

163 3523 270 3574 aliorum
290 3523 392 3584 docent,
417 3531 492 3590 atque
510 3524 591 3574 omnis
609 3523 672 3574 ratio
691 3522 867 3589 grammaticae
884 3529 910 3572 et
927 3520 1037 3573 liberalis
1058 3520 1132 3572 insti-

162 3591 266 3644 tutionis
284 3591 353 3658 apud
369 3593 506 3644 Romanos.
