2694 4116
634 287 935 378 --111-Ι

253 486 316 538 sunt
335 482 478 552 pleraque,
499 497 570 551 quae
590 497 624 536 er
644 480 851 538 Commentariis
872 482 930 538 eius
951 489 1080 554 excerpta
1100 483 1230 553 leguntur

254 558 328 628 apud
348 556 526 624 Strabonem,
554 555 698 612 Geminum
728 563 756 610 et
782 557 995 626 Grammaticos,
1024 560 1058 614 de
1078 560 1228 614 Homerico
1328 613 1329 620 ,

252 633 373 702 Oceano,
394 633 428 688 da
448 632 534 688 Arcto
555 650 609 687 non
630 633 779 701 occidente,
800 634 833 688 de
849 634 1034 705 Aethiopibus
1048 635 1175 690 bifariam
1189 637 1230 690 di·

252 709 326 778 visis,
351 711 385 764 de
407 708 531 764 Gadibus
552 727 568 764 a
587 709 716 764 Menelao
738 710 985 782 circumnavigatis,
1006 712 1040 766 de
1061 712 1229 782 Laestrygo-
1328 767 1329 772 ,

252 786 332 841 nibus
352 787 403 841 sub
424 786 542 841 dracone
563 786 764 853 habitantibus,
786 787 820 842 de
841 787 978 853 Eremnis,
1000 790 1103 857 populo
1123 789 1228 856 Indiae,

253 863 287 917 de
306 862 528 931 interpretatione
547 858 642 918 νυκτὸς
664 859 789 932 9019811
811 869 868 916 tum
889 863 988 918 similia
1005 863 1098 934 inepta
1115 864 1150 918 de
1163 865 1229 918 alle·
1328 883 1329 896 ¹

252 938 336 1010 goriis
356 938 520 1005 fabularum,
548 938 583 992 de
603 937 732 1008 Apolline
757 939 855 993 eodem
875 957 908 994 ac
928 939 1006 1006 Sole,
1034 941 1069 993 de
1090 940 1228 1004 Vulcano,

252 1014 428 1085 experimenti
442 1014 548 1084 physici
563 1031 645 1069 causa
657 1016 685 1068 in
698 1015 829 1069 Lemnum
844 1016 1035 1085 praecipitato,
1057 1016 1091 1071 de
1111 1015 1229 1070 cultiore
1328 1069 1329 1080 ,

252 1091 327 1145 victu
346 1089 458 1144 heroum
479 1088 574 1160 etc.⁶⁹)
609 1091 651 1145 De
672 1091 771 1160 quihus
791 1094 872 1146 rebus
894 1093 1018 1146 omnibus
1039 1093 1061 1145 si
1086 1109 1141 1146 non
1173 1109 1228 1146 mc·

252 1167 320 1221 liora
340 1166 433 1220 docuit
453 1165 494 1234 iis,
515 1183 586 1236 quaa
605 1168 633 1220 in
653 1167 774 1236 margine
794 1169 1014 1234 commonstrem,
1036 1185 1081 1222 eas
1103 1185 1146 1222 res
1161 1168 1226 1222 edo-

252 1243 353 1298 cendos
373 1259 422 1296 nos
436 1243 537 1297 Vossio
551 1249 644 1297 nostro
659 1243 807 1311 tradamus,
830 1242 984 1298 Orateteam
998 1245 1160 1313 sapientiam
1172 1261 1228 1298 nou

252 1318 444 1375 desideremus.
482 1318 579 1388 Neque
605 1336 670 1373 vero
698 1336 758 1373 eum
786 1320 886 1375 rectius
907 1326 1044 1375 versatum
1064 1336 1123 1374 ease
1144 1319 1226 1375 video

252 1395 279 1449 in
303 1394 480 1464 grammatica
506 1395 698 1465 explicatione,
729 1395 883 1466 ubicunque
913 1396 1069 1452 dissentiret
1100 1396 1136 1450 ab
1164 1396 1227 1450 Ari·
1328 1405 1329 1414 ¹

254 1470 374 1536 starcho,
394 1469 421 1522 id
444 1471 518 1539 quod
538 1472 619 1541 longe
640 1473 748 1541 saepius
768 1472 870 1526 factum
890 1480 974 1543 puto,
1001 1489 1082 1542 quarn
1101 1479 1226 1530 notatum

252 1544 439 1617 reperiturw).
480 1546 642 1617 Quanquam
668 1547 721 1602 boc
745 1549 772 1601 111
797 1566 896 1619 genere
921 1548 1043 1604 nonnihil
1067 1555 1123 1618 est,
1151 1551 1224 1620 quod
1328 1531 1329 1590 i

320 1775 352 1844 18)
371 1776 576 1828 vitassent.
596 1794 619 1842 p.
638 1777 664 1829 3.
684 1776 731 1843 (7.)
750 1776 806 1828 coll.
826 1775 945 1842 Apollcn.
964 1777 1028 1828 Lex.
1052 1795 1073 1829 ν.
1100 1773 1222 1846 ἄμμορον

252 1861 310 1897 cum
328 1844 389 1897 llxc.
409 1844 495 1905 tollit,
513 1845 600 1910 (quem
618 1852 702 1895 mansu
720 1855 746 1895 et
764 1846 907 1895 emendatio
925 1847 1060 1896 commenti
1078 1846 1186 1898 Oratetei
1200 1858 1224 1899 et

252 1914 422 1965 astronomica
441 1913 503 1962 ratio
522 1911 634 1976 fefellit.)
654 1921 706 1962 tum
726 1930 749 1976 p.
768 1914 793 1968 5.
811 1913 875 1978 (10.)
893 1913 934 1966 31.
953 1911 1017 1978 (54.)
1035 1915 1077 1969 38.
1096 1913 1160 1980 (56.)
1173 1917 1223 1967 Ge-

252 1981 347 2032 miuum
366 1981 446 2034 Elem.
464 1979 568 2032 Astron.
588 1995 610 2030 c.
630 1981 654 2034 5.
671 1987 697 2030 et
718 1981 756 2034 13.
776 1980 859 2031 Sobel.
879 1981 911 2031 ad
929 1980 962 2030 ll.
977 1997 1000 2032 ο.
1020 1983 1079 2035 496.
1104 1983 1221 2034 1111111111.

252 2049 285 2100 ad
302 2065 326 2097 κ.
344 2049 403 2102 394.
422 2066 447 2115 p·
466 2049 525 2101 814.
543 2049 585 2102 20.
604 2048 637 2098 ad
655 2047 745 2114 odyss.
766 2048 851 2098 Schol.
869 2046 898 2110 β.
920 2053 944 2104 l.
961 2055 986 2100 et
1003 2049 1120 2101 Eustath.
1141 2049 1163 2102 d.
1184 2055 1225 2108 84.

250 2135 280 2235 lp·
301 2116 374 2170 1485.
395 2120 418 2171 l.
437 2131 460 2166 ιι.
479 2115 520 2170 32.
540 2133 564 2181 p·
585 2116 657 2170 1649.
682 2117 724 2169 33.
749 2133 773 2167 o.
799 2118 858 2170 299.
881 2116 965 2182 Etym.
991 2119 1025 2170 M.
1050 2135 1075 2184 p.
1099 2121 1158 2172 370.
1183 2123 1225 2175 43.

276 2184 357 2236 cuitus
376 2184 443 2235 noris
461 2183 596 2242 homiuem,
609 2184 631 2234 si
648 2183 680 2233 ad
698 2183 746 2234 ista
763 2184 819 2234 lcca
838 2185 954 2236 conseras
967 2184 1049 2236 Strab.
1063 2185 1107 2236 llI.
1119 2204 1144 2253 p.
1162 2190 1225 2251 157,
1328 2245 1329 2256 ἢ

250 2253 295 2304 ubi
313 2260 433 2319 tauquam
451 2254 571 2318 princeps
589 2259 742 2302 memoratur
759 2267 855 2312 eorum,
874 2254 917 2317 qui
935 2253 982 2321 τὴν
992 2249 1107 2321 Ὁμήρου
1119 2254 1224 2323 ποίησιν

251 2320 325 2388 πρὸς
347 2317 617 2386 ἐπιστημονικὰς
641 2317 826 2376 ὑποθέσεις
851 2317 982 2387 ἔτρεψαν.
1023 2322 1054 2371 lu
1078 2329 1224 2376 transcursu

251 2392 327 2441 etiam
344 2388 414 2439 illius
433 2405 519 2448 unum,
538 2388 606 2454 quod
625 2394 747 2452 superest,
766 2389 911 2453 exemplum
929 2386 1035 2446 λύσεως
1045 2389 1180 2442 afferamus
1193 2394 1225 2444 de

249 2457 279 2508 ll.
297 2474 322 2511 ο.
342 2457 399 2510 192.
435 2456 473 2506 1111
492 2456 560 2522 quod
577 2455 691 2506 Achilles
709 2466 786 2520 negat
803 2472 831 2506 se
849 2473 962 2522 pugnare
981 2473 1064 2522 posse,
1083 2459 1143 2524 quia
1155 2477 1226 2511 arma

251 2526 300 2576 sibi
318 2525 402 2575 ablata
420 2532 512 2584 esseut,
531 2541 612 2589 nequa
631 2520 707 2574 ullius
726 2523 817 2583 herois,
835 2526 885 2574 uisi
902 2525 966 2576 forta
983 2525 1082 2586 Aiacis,
1105 2535 1165 2592 apta
1183 2528 1224 2578 fu-

250 2602 320 2655 tura,
339 2593 492 2660 quaerebant
510 2590 673 2654 ἐνστατικοί,
697 2607 741 2642 cur
764 2607 814 2641 uou
837 2609 908 2642 arma
926 2593 1037 2642 Patrocli
1061 2596 1224 2660 sumpsisset,

250 2661 345 2726 aliique
364 2659 413 2711 alio
432 2660 506 2711 modo
524 2676 630 2726 gravem
647 2659 745 2710 scilicet
755 2658 925 2710 difficultatem
937 2659 1071 2711 tollebant.
1098 2663 1149 2713 Hic
1161 2663 1224 2714 Gra-

251 2735 290 2780 tes
309 2727 387 2788 fiuxit,
398 2727 499 2793 ι(1111111,
518 2728 636 2795 inquam:
655 2743 714 2777 nam
732 2727 776 2777 ubi
794 2724 919 2778 Homerus
937 2736 1090 2792 stratagema
1108 2731 1173 2781 illud
1191 2732 1224 2782 ad

249 2796 318 2849 huuc
334 2795 437 2845 modum
456 2797 644 2862 persequiturlt
663 2794 774 2846 Patrocli
792 2810 862 2844 arma
879 2795 929 2845 iam
947 2796 1159 2848 Automedontem
1182 2800 1223 2849 111-

250 2863 343 2914 duisse.
379 2860 436 2913 Nou
455 2863 517 2914 vidit
535 2880 595 2930 ergo
614 2866 650 2914 vir
667 2862 796 2923 acutulus,
814 2862 847 2912 de
864 2863 962 2930 integro
980 2866 1031 2915 iam
1050 2866 1224 2929 quaerendum

250 2946 315 2990 ease,
334 2945 379 2980 cur
396 2946 446 2980 non
464 2929 577 2982 Achilles
596 2931 704 2997 denique
721 2931 916 2982 Automedontis
933 2931 1068 2991 induisset,
1081 2933 1130 2984 sibi
1142 2950 1224 3000 aeque

250 2999 314 3050 beue
331 3013 439 3050 sesama

319 3082 351 3147 ⁸⁸)
370 3081 435 3134 Vide
452 3083 581 3136 Hsraelid.
600 3085 683 3152 Alleg.
702 3085 777 3136 Hom.
795 3101 817 3137 c.
836 3087 877 3138 27.
898 3084 984 3136 Sahal.
1008 3086 1040 3136 ad
1057 3086 1088 3136 11.
1114 3103 1138 3138 σ.
1163 3087 1222 3140 239.

250 3151 414 3216 1111111111.
435 3152 507 3204 1140.
527 3153 568 3203 47.
588 3169 612 3218 p.
633 3154 707 3207 1893.
730 3157 752 3206 1.

318 3235 351 3300 ⁷⁰)
369 3233 433 3286 Vide
452 3233 537 3288 Strab.
556 3235 600 3290 IX.
619 3255 643 3304 p.
662 3239 722 3292 439.
742 3235 824 3303 (670.)
841 3237 925 3288 Schol.
945 3237 1222 3294 111115921011.

250 3302 364 3356 llustatb.
384 3321 409 3422 i.
429 3303 502 3358 1003.
521 3305 562 3358 38.
581 3304 677 3358 Scholl.
696 3308 728 3356 ad
747 3322 763 3358 ι.
783 3308 840 3360 169.
853 3323 875 3358 ν,
888 3307 948 3360 358.
960 3302 984 3362 ξ.
997 3306 1040 3360 31.
1053 3323 1106 3372 seq.
1119 3306 1149 3369 ψ.
1161 3307 1221 3360 679.

250 3370 369 3438 Apellen.
410 3389 448 3422 ex.
467 3387 489 3425 v.
508 3370 600 3440 πλωτῇ
619 3373 651 3423 ad
670 3372 762 3441 Odyss.
779 3390 801 3426 κ.
821 3375 847 3428 3,
866 3373 949 3425 Sobel.
974 3374 1011 3424 br.
1035 3374 1068 3425 ad
1085 3390 1113 3436 μ.
1131 3377 1173 3428 61.
1197 3383 1222 3424 et

250 3438 366 3492 1111111111.
385 3440 419 3491 ad
436 3436 461 3496 Ε.
483 3441 522 3494 12.
540 3457 563 3494 τ.
583 3443 641 3495 229.
660 3441 745 3507 Etym.
764 3441 799 3493 M.
818 3459 842 3507 p.
861 3443 919 3497 434.
937 3443 963 3498 8.
981 3449 1030 3494 eta.
1065 3441 1150 3493 Semel
1162 3441 1221 3492 lau·

251 3505 325 3559 datur
343 3507 384 3560 01.
401 3505 430 3558 ἐν
445 3504 593 3576 Ὁμηρικοῖς
610 3509 635 3560 iu
654 3507 742 3563 Sahal.
761 3526 785 3562 ο.
808 3510 863 3566 193.
