2694 4116
548 263 759 322 --167-ὲ

165 426 239 498 quod
263 426 400 483 Homerus
425 425 612 497 gravissimam
636 425 712 482 illam
740 441 850 481 causam
875 426 941 481 belli
964 444 1019 483 non
1046 427 1143 485 fuisset

164 521 219 558 uno
239 504 301 558 loco
321 503 467 572 allaturus,
495 501 623 572 quoniam
650 502 708 557 eius
734 502 909 573 attingendae
929 519 1011 575 saepe
1032 505 1140 561 occasio

164 578 274 646 fuisset,
298 579 321 633 si
340 579 435 635 fabula
454 581 526 634 esset
547 578 656 633 omnino
678 578 776 634 aetatis
795 578 966 634 Homericae.
1007 579 1141 636 Obvertu-

164 657 231 712 bant
257 655 366 726 quidem
391 655 513 710 nonnulli
538 655 618 724 plura
642 655 716 725 apud
743 658 853 726 poetam
879 657 962 710 semel
982 663 1142 726 memorate,

164 749 234 803 quae
254 738 344 787 tamen
366 731 460 790 Critici
479 732 582 785 intaeta
601 731 785 801 reliquissent.
825 732 948 785 Frustra.
987 733 1051 789 Nou
1071 734 1142 789 enim

163 807 209 863 ille
231 821 254 856 ε.
273 807 315 862 63.
334 809 397 863 silet
412 808 479 873 νῆας
495 803 667 878 ἀρχεκάκους
684 808 702 862 i.
718 823 741 862 e.
756 807 954 877 profectionem
967 807 1075 864 Paridis
1087 811 1139 864 La·

163 885 368 952 cedaemonem,
389 885 416 938 in
437 900 492 954 qua
511 900 544 938 ex
564 899 638 938 more
659 884 762 939 saeculi
782 884 824 938 sui
844 883 919 939 haud
942 883 1024 939 dubie
1046 886 1080 958 ad
1100 885 1141 940 fa-

162 961 245 1016 talem
266 978 376 1016 oausam
401 976 574 1030 regressurus
600 964 671 1027 eret,
699 977 771 1030 quae
797 961 905 1029 culpam
931 961 1089 1016 transferret
1113 963 1142 1016 in

163 1036 239 1092 deos.
272 1036 458 1107 Quamobrem
478 1042 505 1090 et
524 1034 685 1106 veteres⁶⁸),
707 1043 734 1091 et
747 1037 913 1092 recentiores
926 1037 1020 1107 aliqui,
1040 1039 1068 1092 in
1081 1037 1139 1108 qui-

162 1113 214 1169 bus
228 1114 314 1168 instar
328 1113 447 1168 omnium
460 1112 683 1168 Hemsterhusius
699 1119 749 1180 est,
770 1112 852 1182 plane
872 1113 1058 1183 probaverunt
1070 1114 1140 1168 iudi·

162 1189 233 1244 cium
262 1189 341 1258 illud,
369 1207 424 1261 quo
450 1189 578 1243 iudicium
604 1188 711 1243 Paridis
737 1189 850 1243 tollitur.
890 1189 987 1259 Neque
1014 1189 1140 1260 equidem

161 1271 254 1320 tentae
274 1266 433 1322 auctoritati
453 1264 625 1334 obloquerer‚
646 1261 697 1320 nisi
711 1264 786 1333 mihi,
807 1271 838 1319 ut
851 1264 917 1321 alibi
931 1266 1089 1335 significavi,
1112 1266 1140 1320 in

160 1340 202 1396 bis
222 1343 367 1411 postremis
387 1342 470 1396 alium
490 1347 631 1397 auctorem
652 1359 734 1412 qnam
753 1342 875 1411 priorum
894 1341 1026 1397 librorum
1044 1342 1140 1397 audire

160 1418 275 1472 viderer.
321 1419 401 1475 Nunc
426 1435 492 1472 vero
519 1425 547 1472 et
576 1417 644 1473 illud
674 1424 702 1473 et
727 1417 893 1474 Hesiodeam
922 1414 1094 1486 μαχλοσύνην
1103 1417 1139 1486 ⁶⁹)

160 1493 235 1548 baud
253 1501 368 1564 gravam
388 1496 456 1561 fero,
478 1494 531 1549 etsi
552 1509 584 1548 ea
604 1494 657 1548 iam
678 1496 706 1549 in
720 1493 922 1565 Aristophaneo
944 1500 972 1550 et
991 1495 1019 1549 in
1036 1495 1139 1550 urbicis

161 1570 325 1640 quibusdam
351 1571 549 1641 exemplaribus
578 1571 691 1640 expulsa
718 1575 790 1639 erat,
821 1577 880 1625 toto
904 1570 1139 1636 hemistichio,sic

161 1653 273 1714 mutato,
294 1643 312 1713 ἦ
330 1644 355 1695 oi
373 1644 560 1715 κεχαρισμένα
579 1642 649 1713 δῶρ’
666 1642 791 1712 ὀνόμηνε.
824 1647 912 1716 Quam
934 1653 1007 1702 recte
1028 1654 1056 1702 et
1074 1647 1139 1702 reli-

159 1723 246 1792 giose,
267 1739 322 1776 non
344 1721 465 1776 dixerim.
505 1722 577 1777 Nam
597 1737 693 1791 parum
713 1723 871 1793 probabiles
890 1729 958 1792 puto
978 1739 1025 1778 ess
1046 1739 1138 1778 omnes

160 1798 333 1854 coniecturas
353 1804 381 1852 et
401 1798 510 1866 obelos,
538 1797 637 1867 quibus
664 1806 786 1854 extrema
804 1799 906 1853 Iliados
931 1798 966 1853 ad
987 1799 1138 1853 similitudi·

158 1892 221 1930 nem
233 1874 396 1930 Homericae
417 1873 621 1929 consuetudinis
642 1891 691 1943 per
712 1875 765 1929 vim
785 1875 918 1945 refingere
938 1874 1084 1930 voluerunt
1092 1873 1137 1944 ⁰⁰).

158 1950 236 2006 Alibi
257 1951 364 2021 saepius
386 1950 528 2005 obscurior
548 1956 590 2004 est
609 1952 743 2005 sententia
763 1950 924 2007 Aristarchi.
964 1951 1003 2005 Ut
1031 1967 1058 1999 π.
1078 1950 1137 2004 613.

158 2029 291 2083 incertum
312 2032 366 2095 est,
392 2026 471 2080 bione
495 2027 555 2096 ipse
581 2043 675 2081 versus
700 2046 734 2082 an
755 2027 871 2098 proximi
891 2028 962 2096 duo,
987 2028 1034 2097 qui
1059 2027 1137 2083 nimis

159 2099 319 2169 ταυτνλόννι
339 2109 416 2174 sunt,
444 2102 582 2158 abfuerint
602 2102 637 2157 ab
660 2105 747 2160 altera
766 2104 925 2160 recensione
945 2103 1027 2157 illius.
1067 2105 1137 2158 Item

161 2194 179 2228 s.
198 2178 345 2233 ees-690.
364 2177 532 2244 (see-694.)
557 2179 713 2250 ambiguum
738 2180 825 2236 videri
849 2186 955 2250 potest,
982 2179 1048 2250 quid
1074 2178 1137 2234 Ari·

160 2256 285 2311 starchus
305 2255 407 2325 primus
427 2254 531 2320 fecerit·
552 2255 672 2325 quidque
693 2255 801 2310 omnino
815 2258 959 2324 notaverit,
980 2272 1062 2325 quum
1076 2275 1136 2327 per·

160 2333 254 2402 spicue
275 2336 431 2386 numeretur
450 2333 479 2385 in
499 2328 640 2380 ἀθετνῦσι.
678 2332 783 2401 Quodsi
805 2333 826 2386 is
840 2332 912 2387 idem
924 2333 984 2401 fuit,
998 2340 1030 2386 ut
1050 2335 1136 2404 suspi-

158 2425 215 2476 cor,
238 2408 284 2477 qui
304 2409 396 2462 locum
416 2407 493 2461 illurn
514 2403 657 2469 συνέτεμε,
680 2409 788 2464 reiectis
809 2425 856 2462 sex
876 2409 998 2463 versibus
1019 2408 1058 2463 ite
1070 2411 1134 2464 scri-

156 2484 222 2540 bere
236 2483 332 2551 voluit,
347 2489 377 2538 ut
394 2477 484 2547 Χεῖρα
502 2479 550 2550 ἑήν
570 2485 652 2540 finem
665 2485 767 2540 feceret
781 2485 911 2540 orationis
924 2484 1040 2556 Ulyssis,
1055 2487 1134 2557 eique

157 2559 248 2615 versui
278 2558 456 2629 subiungeret
480 2560 549 2615 duos
575 2561 651 2629 illos,
677 2556 732 2620 Ὣς
755 2556 798 2625 ἔφ.
818 2587 850 2596 -
869 2563 960 2628 σιωπῇ
982 2567 1010 2615 et
1035 2559 1090 2630 Δὴν
1110 2559 1134 2611 δ’

157 2629 229 2702 ἄνεῳ
246 2661 279 2671 ·-
299 2630 415 2703 liparus,
437 2637 527 2691 deleto
550 2654 591 2706 eo,
614 2638 661 2708 qui
680 2637 764 2708 vulgo
784 2636 826 2694 his
846 2640 1021 2710 interpositus
1041 2646 1097 2709 est,
1117 2659 1135 2696 a

40 2773 45 2783 ‚
155 2729 199 2768 me
220 2713 297 2768 uncis
317 2713 445 2767 inclusus.
479 2713 549 2769 Nam
570 2713 615 2768 hic
637 2715 702 2767 mihi
717 2731 824 2784 semper
837 2716 989 2785 importune
1003 2717 1134 2786 repetitus

156 2788 310 2857 videbatur,
332 2807 415 2859 quum
436 2791 607 2860 superiores,
628 2791 693 2845 licet
715 2796 743 2845 et
762 2791 836 2861 ipsos
857 2793 1001 2862 molestos,
1022 2800 1135 2864 propter

156 3052 178 3102 Ε
223 2984 257 3050 ⁵⁸)
274 2983 388 3108 hllchrob.
408 2982 510 3034 Satura.
529 2983 562 3045 V,
581 2986 622 3038 16.
641 2985 707 3038 med.
725 2993 750 3038 et
768 2985 844 3039 huot.
862 2987 936 3039 Vitae
954 2986 1030 3039 Hom
1049 2987 1079 3041 Τ.
1100 2985 1132 3039 V.

179 3069 215 3106 ru.
234 3070 261 3119 p.
332 3092 338 3106 .

223 3137 256 3203 ⁸⁸)
273 3137 346 3192 Geni.
365 3137 458 3189 suidas
483 3144 509 3189 et
527 3137 647 3205 Apollon.
671 3155 723 3190 roo.
746 3136 903 3209 μαχλοσύνη
927 3141 1013 3208 ibique
1030 3140 1130 3193 Villois.

154 3205 236 3256 Simul
255 3222 289 3257 ex
307 3205 356 3257 bae
374 3223 402 3257 re
427 3205 605 3272 intelligimus,
630 3206 806 3258 Aristarchum
831 3208 945 3260 Hesiodo
966 3226 1012 3260 seu
1036 3211 1132 3260 suetori

153 3266 321 3340 Καταλόγων
341 3273 486 3325 inferiorem
505 3291 580 3340 quam
599 3274 711 3326 Homero
729 3285 840 3327 aetatem
856 3277 983 3328 tribuisse.

221 3357 255 3427 ω)
273 3359 302 3410 Id
320 3361 356 3411 ite
375 3359 471 3412 fectum
490 3377 546 3412 esua
564 3360 661 3412 clerum
679 3370 719 3412 est
737 3377 767 3411 ex
784 3361 879 3413 Seboll.
897 3363 929 3414 ad
953 3357 1024 3414 ῘῘΦ.
1046 3359 1074 3413 Ψ.
1101 3361 1131 3413 Iu

153 3427 247 3494 quibus
265 3428 408 3496 rbspsodiis
427 3428 543 3480 certatim
561 3430 723 3480 elaborarunt
741 3439 851 3492 veteres,
877 3439 906 3482 ut
922 3439 993 3483 notas
1015 3430 1131 3499 proprias

154 3494 296 3548 alienorum
314 3497 473 3564 ingeniorum
490 3497 634 3550 eximerent.
