2702 4124
661 335 851 388 ..ss2-

272 493 330 548 eius
351 497 379 546 et
403 492 535 562 pernicies
559 493 704 548 diceretur.
743 493 825 563 Quod
852 494 990 550 verissime
1015 496 1147 551 monitum
1173 512 1251 566 csse,

273 569 473 624 illitteratorum
496 569 635 624 hominum
659 578 688 626 et
706 571 848 625 doctrinae
867 579 976 626 nostrae
994 572 1142 642 expertium
1155 589 1251 642 popu-

273 647 362 701 lorum
383 647 577 716 contemplatio
598 649 687 702 docet.
726 647 823 717 Neque
843 649 913 702 enim
939 649 1018 703 nobis
1039 667 1108 720 opus
1134 655 1174 703 est
1208 649 1252 703 af-

272 724 343 778 ferre
363 724 509 792 singularia
534 725 680 794 specimina
703 725 843 778 validioris
869 725 1023 794 memoriae,
1050 733 1081 780 ut
1101 726 1250 780 Hortensii

273 799 396 867 oratoris,
417 817 497 870 quem
521 801 617 858 Cicero
642 808 734 855 narrat
760 817 805 870 es,
831 819 902 871 quae
928 819 1019 856 secum
1046 809 1252 857 commentatus

272 881 353 943 essct,
374 877 430 930 sine
451 878 553 948 scripto
574 878 664 932 omnin
684 877 797 932 reddere
817 878 939 948 potuisse
952 879 1048 933 iisdem
1063 879 1161 944 verbis,
1181 879 1251 949 qui·

272 953 324 1007 bus
344 953 532 1024 cogitavisset,
553 955 611 1009 sive
630 959 786 1024 podtarum,
811 961 869 1009 tum
889 957 1168 1029 αδτααχεδιαζόντων,
1197 957 1252 1026 qui

271 1030 348 1084 italis
367 1031 585 1100 improuiaatoraa
605 1038 749 1097 vocantur,
774 1040 830 1085 tnm
855 1031 969 1085 aliorum
989 1031 1149 1099 multorum,
1173 1049 1253 1100 quos

272 1113 395 1175 constat,
416 1109 574 1178 pracsertim
605 1108 763 1162 interdictos
789 1126 841 1162 usu
865 1107 1027 1176 scripturae,
1058 1108 1137 1177 plura
1160 1109 1252 1162 millia

271 1201 396 1238 versuum
418 1191 445 1237 et
464 1184 561 1239 iecisse
581 1185 608 1238 iu
628 1185 726 1252 animo,
746 1191 773 1239 et
786 1184 932 1238 memoriae
946 1183 1027 1238 infixa
1040 1184 1148 1253 saepius
1166 1201 1252 1254 repe·

270 1261 356 1315 tiisse.
390 1260 498 1330 Quippe
518 1279 572 1315 nou
592 1262 697 1332 agimus
717 1261 838 1316 dereris
858 1259 1020 1330 quibusdam
1040 1260 1174 1314 miraculis
1194 1279 1248 1314 na·

271 1343 364 1402 turae,
391 1354 485 1391 verum
505 1337 539 1393 dc
559 1339 651 1392 ordine
670 1339 818 1408 descissam,
840 1355 891 1407 per
910 1343 993 1389 totam
1011 1337 1096 1392 αι’ίααι
1115 1337 1176 1390 haec
1194 1339 1253 1391 usai

271 1414 328 1466 arii
345 1414 506 1481 vacantium,
526 1422 556 1467 ut
574 1418 616 1469 uel
629 1423 776 1484 pauperent
800 1414 935 1480 Carmina,
956 1431 1024 1482 qaue
1043 1431 1105 1484 moa
1124 1415 1249 1468 canendo

271 1491 448 1560 divulgarent,
469 1493 511 1544 uel
529 1491 669 1561 diuulgata
689 1494 724 1546 ab
744 1493 808 1546 aliie
826 1492 965 1544 discerent.

350 1567 437 1636 Atqui
456 1567 525 1620 tales
551 1567 608 1621 iere
633 1569 741 1624 ordines
760 1569 898 1622 hominum
922 1569 949 1620 in
976 1568 1035 1621 aliis
1059 1585 1169 1638 quoque
1193 1585 1249 1637 po-

271 1643 343 1714 pulis
363 1643 520 1712 reperimus,
542 1644 613 1714 apud
627 1645 770 1700 Hebraeos
783 1645 896 1712 sciolus,
917 1661 985 1714 ques
999 1645 1101 1712 dicunt,
1121 1642 1250 1712 Prophe-

270 1729 375 1788 tarum,
405 1727 462 1774 tum
489 1721 660 1792 cognationes
683 1722 761 1776 nobis
787 1721 911 1786 Bar-doe,
937 1718 1082 1788 Scaldroe‚
1109 1721 1248 1775 Druidas.

272 1797 315 1852 De
337 1797 380 1851 his
401 1797 509 1868 quidem
536 1797 679 1868 postremis
706 1797 805 1852 Caesar
830 1804 858 1852 et
881 1797 957 1851 Mela
979 1796 1158 1867 referuntw),
1181 1814 1249 1866 pro·

271 1874 358 1946 priam
378 1891 472 1929 eorum
490 1874 574 1929 fuisse
595 1875 777 1944 disciplinam,
802 1875 905 1945 inqua
927 1874 1052 1927 nonnulli
1078 1873 1112 1928 ad
1133 1874 1249 1928 nosnos

272 1968 356 2006 annos
376 1953 585 2021 permanserint,
612 1959 643 2005 at
665 1969 792 2022 mapsam
804 1969 942 2005 ιιιιιιιιαααι
955 1967 1079 2003 ommam
1092 1950 1247 2018 ediscerent,

272 2028 368 2082 litteris
394 2046 448 2080 ιιαα
473 2028 715 2099 mandatumst).
764 2029 850 2098 Quam
878 2028 976 2082 vellem
1000 2027 1136 2080 tantillum
1164 2027 1248 2081 nobis

273 2103 373 2158 Graeci
398 2104 573 2158 tradidissent
598 2104 632 2158 de
659 2105 766 2159 vatibus
792 2112 820 2160 et
845 2104 988 2174 rhapsodis
1014 2103 1083 2156 auis!
1116 2103 1187 2158 Nem
1217 2110 1249 2157 et

271 2181 368 2233 horum
394 2180 530 2251 propriam
558 2181 692 2250 quandam
719 2182 885 2251 disciplinam
913 2187 940 2234 et
965 2180 1101 2250 singulare
1125 2179 1247 2233 studium

271 2257 336 2310 artis
356 2256 455 2323 fuisse,
480 2274 530 2325 pro
550 2265 690 2327 comperto
717 2258 870 2313 habendum
897 2258 1023 2310 arbitror.
1063 2256 1126 2326 Age
1149 2256 1246 2326 igitur,

274 2332 453 2402 rhapsodicac
472 2337 645 2398 διδασκαλίας
661 2333 784 2402 modurn,
809 2333 976 2404 antiquitatis
1000 2332 1119 2386 tenebris
1147 2334 1247 2386 obscu-

270 2416 373 2477 ratum,
399 2411 524 2464 similium
551 2413 640 2466 rerum
665 2412 865 2482 comparatione
893 2427 1027 2464 eruamus.
1066 2403 1131 2462 Fuit
1157 2408 1196 2475 is,
1221 2408 1247 2462 si

270 2485 336 2557 quid
356 2486 452 2556 video,
473 2488 553 2557 idern,
575 2490 623 2558 qui
642 2491 689 2544 diu
707 2489 846 2544 adhibitus
866 2493 908 2542 est
927 2488 954 2540 in
974 2503 1067 2555 scepu,
1093 2491 1121 2539 et
1140 2485 1247 2556 tragica

272 2572 299 2618 et
320 2564 432 2631 comica,
452 2565 479 2618 in
500 2565 583 2620 variis
603 2567 747 2638 generibus
769 2565 924 2630 chororum,
950 2563 1065 2632 denique
1090 2562 1118 2614 in
1143 2561 1246 2615 scholis

272 2648 300 2696 et
320 2640 405 2706 ludis,
431 2642 589 2712 priusquam
610 2643 745 2698 scribendi
764 2641 924 2712 legendique
943 2639 1059 2694 facultas
1084 2639 1167 2708 vulgo
1191 2637 1246 2692 fre-

271 2718 396 2786 quentari
417 2725 555 2787 coeperat.
591 2721 618 2773 Is
638 2727 728 2775 autem
749 2719 846 2772 modus
867 2716 955 2787 qualis
974 2715 1063 2782 fuerit,
1083 2715 1145 2784 ipsa
1163 2731 1245 2769 voca·

271 2793 337 2848 bula
356 2798 499 2848 testantur.
539 2797 693 2866 Depositis
714 2799 783 2851 enim
803 2795 943 2865 proprium
962 2799 1004 2847 est
1024 2798 1051 2847 et
1071 2807 1104 2845 ex
1129 2807 1159 2846 re
1181 2790 1244 2845 duc·

270 2876 343 2938 tum,
370 2872 549 2925 διδάσκειν
569 2876 742 2943 δράματα,
764 2871 862 2926 Latine
891 2871 1000 2938 dooere,
1030 2868 1064 2921 de
1093 2867 1243 2936 actoribus,

339 3083 824 3152 mmaemmmma

339 3171 374 3239 ⁷⁴)
393 3169 480 3222 Simile
498 3171 618 3238 quiddam
644 3179 668 3223 et
691 3172 755 3224 alias
779 3180 896 3239 saepest
919 3175 1062 3240 nuperrime
1086 3174 1118 3225 de
1140 3175 1244 3228 natione

271 3240 374 3294 Ossiani
391 3246 518 3290 narratum
537 3247 575 3291 est
592 3259 607 3292 a
625 3242 655 3293 G.
676 3241 820 3292 Thomtonc
839 3240 863 3291 in
878 3241 1016 3296 Transactt.
1035 3242 1064 3293 of
1076 3243 1121 3293 the
1132 3242 1243 3295 Amerie.

271 3311 365 3377 philos.
393 3309 495 3376 Society
520 3318 547 3359 at
570 3309 748 3376 Philadelphia
771 3309 829 3361 Vol.
851 3311 895 3360 Ill.
920 3329 943 3376 p.
966 3311 1025 3366 314,
1049 3328 1104 3378 sqq.
1140 3312 1170 3362 In
1196 3311 1243 3362 illa

271 3380 372 3429 natione
399 3377 475 3427 ctiam
498 3394 565 3428 nunc
587 3395 661 3428 senes
685 3395 755 3440 esse,
778 3377 820 3444 qui
844 3385 938 3429 tantam
961 3379 1060 3445 copiam
1082 3379 1242 3445 antiquorum

272 3445 418 3497 carminum
435 3448 556 3497 memoria
574 3447 736 3508 custodirent,
754 3453 783 3498 ut
800 3447 986 3498 velocissimum
1004 3448 1111 3498 scribam
1129 3465 1175 3513 per
1187 3448 1242 3515 plu·

272 3529 313 3563 res
330 3530 430 3564 menses
448 3512 569 3566 dictando
586 3514 716 3581 fatigaturi
734 3521 825 3566 essent.
849 3515 891 3581 [de
910 3515 1022 3566 Scaldris
1045 3532 1067 3566 r.
1085 3516 1144 3568 Ger.
1163 3514 1241 3568 Scho-

272 3581 333 3648 ning
350 3584 456 3648 praelat.
474 3582 507 3632 ad
524 3583 621 3636 Snorrii
639 3581 740 3635 Sturlae
757 3584 786 3636 F.
804 3582 1004 3651 Heimskringla,
1021 3601 1048 3652 p.
1065 3583 1122 3638 XV.
1140 3583 1209 3652 sqq]
