2694 4116
631 305 841 360 -ttt-

246 460 304 514 eius
323 460 439 528 primum
460 459 601 516 meliorem
620 461 723 516 cultum
742 462 840 520 lterum
860 463 1015 523 Cerminum
1035 468 1220 544 repetuntlllg

244 535 300 600 stit,
321 536 349 589 iu
369 536 411 590 his
430 534 537 592 infimus
555 538 655 595 eetetis
674 539 858 611 scholiastes,
881 544 958 598 illum
978 545 1097 604 levitatis
1117 555 1146 602 et
1165 560 1222 604 stu·

196 643 198 648 ·
245 612 283 666 dii
301 612 464 683 ineptiarum
483 615 584 668 acriter
602 623 742 672 accusent.
790 619 835 674 Ac
854 637 919 676 serre
939 622 1070 690 plurimes
1090 625 1223 682 lectiones

245 687 304 742 eius
324 695 379 745 lem
400 697 464 744 sunt
483 689 686 759 improbabiles,
706 699 734 747 et
753 710 770 747 u
789 701 867 750 tants
886 699 1038 754 temeritate
1052 701 1145 754 iudicii
1159 720 1221 772 pro·

244 763 343 832 fectae,
365 774 395 820 ut
414 767 453 820 ite
472 767 616 822 emendare
637 770 680 823 vel
699 770 816 826 tironem
836 772 918 828 hodie
938 776 1098 846 pudest⁷¹);
1120 774 1221 844 ἀθετή-

246 853 318 888 σεων
338 849 428 898 sutem
450 849 526 898 tants
545 853 586 898 est
605 846 750 900 multitudo
765 865 798 902 sc
811 849 929 912 licentia,
950 859 981 905 ut
993 853 1130 908 nonnullis
1145 857 1221 909 visus

244 919 280 973 sit
301 919 449 974 Homerum
467 937 555 991 prope
575 938 609 975 ex
628 922 750 977 Homero
770 925 877 981 tollere.
911 927 1020 998 Quippe
1040 947 1122 1000 seepe
1142 949 1221 1001 prse-

245 995 406 1050 clurissimos
427 1004 455 1050 et
475 998 592 1064 optimos
612 1016 706 1054 versus
727 1004 867 1072 expungit,
887 1004 1022 1059 interdum
1036 1012 1109 1060 tetes
1121 1003 1223 1073 ῥήσεις

244 1073 419 1140 contaminet,
432 1072 488 1129 elie
499 1075 645 1142 contrahit,
666 1077 720 1132 ulie
733 1077 818 1145 addit,
839 1096 1000 1150 omnemque
1013 1083 1066 1136 sibi
1080 1084 1107 1136 iu
1121 1084 1220 1153 Iliade,

244 1150 319 1204 velut
337 1150 366 1203 in
384 1150 525 1221 proprium
545 1169 629 1222 epus,
655 1161 766 1224 suoget
788 1156 1007 1227 potestatuum).
1049 1159 1155 1228 Quodsi
1182 1162 1222 1217 ite

243 1295 447 1305 ----—-—

310 1345 344 1408 ⁷⁰)
362 1346 479 1397 celebres
498 1346 524 1396 in
542 1341 609 1398 heic
625 1347 775 1399 senteutistn
792 1365 879 1401 sersus
897 1359 957 1401 suut
974 1352 1083 1403 Ausonii
1101 1355 1129 1404 in
1142 1355 1219 1405 Ludo

242 1411 297 1463 Vll.
318 1413 475 1481 Sapientem,

310 1481 429 1532 lleeeuio
448 1483 547 1548 qualem
565 1483 662 1534 cultum
681 1484 805 1550 quessivit
822 1485 933 1538 Homero

327 1548 424 1600 Censor
442 1550 607 1600 Aristarchus
624 1569 765 1618 normaque
782 1550 914 1608 Zenodoti.

241 1617 331 1683 Neqrre
349 1618 427 1668 elium
446 1619 477 1667 sb
496 1619 584 1670 eodem
603 1625 680 1684 poete
702 1620 842 1686 significari
864 1633 926 1684 pute
945 1621 1026 1686 Epist.
1061 1623 1156 1688 XVIII,
1176 1628 1218 1681 28.

242 1685 287 1736 ubi
305 1697 403 1748 prseter
415 1686 552 1737 Varronem
570 1696 597 1738 et
607 1688 672 1738 elios
685 1687 789 1740 Latinos
801 1691 828 1738 in
841 1707 944 1741 numero
957 1690 1103 1743 criticorum
1117 1711 1218 1760 ponun-

242 1762 283 1804 tur
301 1754 396 1815 Cretes,
415 1755 585 1815 Aristarchus,

311 1823 411 1889 Quique
429 1828 496 1874 sscri
515 1822 626 1875 lacerum
644 1825 751 1890 collegit
768 1840 861 1891 corpus
879 1825 993 1880 Homeri.

241 1890 374 1941 Pisistrato
393 1891 436 1942 lric
455 1892 525 1943 locus
543 1909 593 1942 non
613 1901 660 1955 est,
679 1894 861 1944 multominus
880 1895 1019 1960 Cynaetho,
1038 1905 1067 1946 ut
1084 1913 1167 1964 nuper
1179 1899 1219 1948 vir

243 1959 335 2009 doctus
354 1961 466 2024 putebat.

308 2025 341 2094 ⁷¹)
360 2027 513 2094 Speciminis
532 2029 586 2080 loco
604 2029 648 2080 hic
666 2047 759 2096 peuces
778 2031 902 2097 quustluru
920 2047 952 2080 ex
970 2030 1093 2082 immenso
1111 2049 1217 2084 numero

240 2093 371 2146 sublicium
390 2097 518 2156 lcctioues,
538 2114 630 2164 sesque
649 2115 699 2148 nou
718 2116 748 2149 eo
766 2099 873 2149 consilio
890 2111 1039 2164 excerptas,
1059 2107 1086 2150 ut
1105 2104 1218 2164 pessime

241 2179 299 2227 pers
319 2162 455 2214 Zenodotei
474 2175 554 2216 textus
574 2174 752 2229 cognoscetur.
787 2164 808 2217 Α
836 2168 877 2220 68.
898 2167 967 2216 (ledit
984 2165 1146 2228 ἐκαθέζετο,
1172 2169 1218 2218 ubi

242 2229 327 2280 Sclrol.
341 2227 393 2281 oca
412 2229 444 2300 ἐᾷ
462 2227 492 2283 Ζ,
504 2231 650 2302 ἑλληνίζειν
670 2233 716 2284 τὸν
729 2229 854 2302 Ὅμηρον.
874 2237 915 2289 80.
930 2233 1059 2298 κρείσσω,
1072 2253 1150 2302 quem
1162 2237 1216 2287 fot·

241 2315 307 2348 msm
325 2300 402 2350 etiem
421 2301 445 2350 in
464 2302 589 2352 similibus
602 2305 692 2361 tenuit,
710 2311 738 2352 ut
756 2306 815 2357 249.
831 2300 938 2369 γλοκίω.
969 2304 1028 2358 351.
1037 2303 1143 2372 χεῖρας
1154 2303 1219 2354 ἀνα·

242 2365 322 2422 πτάς.
346 2382 371 2432 r.
385 2369 426 2423 56.
443 2361 536 2435 Τρῶες
549 2368 704 2438 ἐλεήμονες.
716 2375 749 2433 (v.
762 2370 794 2420 sd
807 2371 857 2425 453
878 2382 904 2421 et
917 2387 942 2438 η.
955 2370 1025 2436 3911.)
1039 2373 1096 2426 213.
1115 2368 1215 2438 'tipicis

241 2431 271 2483 ἐκ
289 2433 438 2500 κεφολοίων
456 2455 496 2502 sp.
515 2437 597 2504 Etym.
616 2439 651 2488 Μ.
672 2457 696 2505 p.
714 2440 773 2492 501.
809 2456 833 2488 ε.
856 2440 899 2492 53.
919 2438 1059 2520 χραῖσμεν
1083 2438 1219 2490 θανάτοιο

241 2501 364 2570 πέλωρα.
401 2503 424 2562 ζ.
447 2506 501 2558 112Ι
520 2501 627 2572 Ἂνέρες
644 2503 708 2556 ἔστε
727 2504 798 2566 θοοὶ,
815 2503 859 2556 καὶ
872 2505 1005 2568 ἀμυνετον
1021 2501 1102 2557 ἄστεϊ
1112 2505 1217 2575 λώβην.

240 2569 270 2628 θ.
293 2577 347 2626 123.
365 2568 608 2640 Ἐροσιπτόλεμον,
627 2577 713 2626 relicto
725 2584 810 2625 tumen
823 2577 881 2629 312.
910 2571 1128 2642 Ἀρχεπτόλεμον.
1157 2578 1218 2630 501.

241 2637 301 2690 ἐπεὶ
318 2640 382 2698 Διὸς
398 2639 533 2707 ἐτράπετο
548 2640 622 2729 ppp'u
641 2660 673 2693 ex
691 2660 713 2692 κ.
732 2644 774 2696 45.
799 2644 842 2693 ubi
866 2661 887 2693 v.
914 2643 1010 2695 Scholl.
1046 2645 1105 2698 551.
1128 2637 1219 2710 Μυρίο

242 2705 266 2757 δ’
284 2723 313 2756 εν
340 2706 430 2776 πεδίῳ.
473 2726 488 2760 t.
514 2712 571 2765 63i.
601 2709 699 2777 Αθρύοι
722 2709 751 2760 ἐκ
776 2710 898 2761 Δαναῶν.
939 2726 963 2760 κ.
987 2712 1045 2765 306.
1061 2708 1169 2768 Αὐτοὺς
1193 2710 1221 2761 οἳ

264 2773 390 2843 ορέοοσιν
416 2775 540 2838 ἀμύμονα
564 2773 712 2846 Πηλείωνα.
751 2776 776 2828 λ.
801 2781 843 2834 27.
865 2774 1019 2845 Ἐρίδεσσιν.
1053 2795 1081 2840 μ,
1109 2781 1152 2834 34.
1178 2779 1220 2836 ὡς

241 2792 366 2912 ἔμελλεν.
398 2840 476 2894 'licei
499 2844 528 2895 δὲ
551 2844 718 2914 βάρβαρον,
744 2847 815 2898 addit
838 2845 922 2898 Schul.
959 2848 1000 2900 75.
1023 2841 1073 2912 ἄγε
1095 2845 1151 2903 τὼς
1175 2843 1218 2898 ἄν.

243 2911 301 2978 153.
320 2909 441 2965 λάεσσιν.
477 2917 537 2968 444.
561 2913 621 2964 ἐπεὶ
645 2917 714 2965 θεοῦ
737 2911 830 2964 ἔκλυον
855 2913 950 2982 αὐδήν.
985 2911 1011 2970 Ε.
1038 2916 1094 2968 177.
1117 2912 1219 2973 καλοὺς

242 2976 286 3029 καὶ
306 2978 450 3044 μεγάλους.
498 2998 520 3033 ο.
546 2984 603 3037 134.
619 2980 711 3051 Αὐτὰρ
735 2985 794 3041 τοῖς
817 2977 920 3033 ἄλλοισι
944 2981 1021 3041 θεοῖς
1043 2981 1116 3048 μέγα
1142 2985 1219 3048 πῆμα

241 3049 383 3174 ttrite·
419 3049 705 3173 43113111·
725 3049 922 3173 iutuitu
935 3048 1217 3175 “uetustius

235 3135 349 3252 Ἕκτορεα
368 3132 399 3234 ‹lt
421 3134 515 3254 gps'uu·
534 3136 597 3244 ὃῖοέ
607 3184 689 3255 Ἤρης
703 3136 995 3254 μῶτρονειμετῦελθών,
1032 3203 1057 3237 c.
1075 3134 1134 3241 3185.
1154 3153 1219 3240 434..

241 3251 420 3324 ἡμετερόνδε.
454 3255 589 3310 Lectiones
607 3271 672 3305 voce
690 3257 761 3312 heeo,
781 3272 831 3306 nou
850 3255 1021 3306 correctiones.
1058 3253 1121 3316 Quis
1146 3256 1218 3305 euim

241 3324 303 3376 heec
320 3323 404 3374 omnis
421 3340 436 3372 e
455 3324 480 3374 Ζ.
500 3323 580 3389 primo
598 3323 624 3373 in
642 3332 736 3374 textum
755 3323 828 3374 illete
845 3339 900 3374 esse
920 3321 1074 3372 crediderit?

250 3389 253 3394 ’
309 3391 343 3458 ²²)
362 3392 452 3443 Statim
471 3393 511 3442 hic
530 3392 638 3442 indicem
657 3391 722 3441 ‹lsbo
740 3393 870 3457 utriusque
888 3389 988 3456 generis
1006 3406 1123 3440 versuum
1133 3425 1142 3450 ,
1160 3391 1215 3456 pri-

241 3476 310 3511 mum
325 3477 420 3521 eorum,
434 3461 528 3528 quibus
545 3471 572 3511 ut
586 3459 712 3525 suspectis
727 3474 813 3510 netem
822 3458 974 3530 suspicionis
984 3475 1048 3508 sese
1056 3471 1218 3525 apposuerat,

239 3529 274 3593 (r.
291 3544 368 3595 supra
387 3529 434 3596 Op.
452 3527 571 3579 xxxut
584 3536 670 3578 struet.
682 3529 721 3594 9.)
741 3538 795 3578 tum
806 3543 902 3589 eorum,
915 3541 979 3592 quos
992 3527 1093 3576 omnine
1105 3541 1156 3577 non
1169 3543 1217 3592 po-
