2702 4124
115 681 121 697 ,
189 636 243 692 Sed
263 637 330 691 illud
350 636 441 692 forsan
461 636 554 691 ludere
575 644 630 705 est,
657 656 712 693 non
731 637 904 705 ratiocinari,
924 641 1083 708 praesertim

108 717 138 770 in
160 719 237 768 tanta
255 714 419 768 auctoritate
439 714 558 783 vulgaris
578 716 769 783 persuasionis.
804 713 875 784 Quid
890 731 965 784 ergo,
985 716 1008 770 si
1021 715 1083 770 Ari·

107 791 219 846 stotelis
232 790 308 860 leges
322 790 421 860 apicas,
442 797 575 859 quatenus
589 791 637 846 ills
649 792 825 862 persuasione
838 791 968 859 nituntur,
990 792 1083 846 obtur-

108 869 207 922 bemus
221 867 335 920 vocibus
350 866 594 922 Grammaticorum
607 875 729 922 veterum
743 869 870 934 omnium,
891 885 1004 936 quorum
1024 870 1083 922 nul·

110 944 156 998 lus
170 950 303 1012 superest,
326 944 373 1012 qui
392 945 471 996 novis
489 944 658 998 acuminibus
672 945 706 998 de
721 945 848 1016 primaria
860 945 967 999 actione
981 944 1084 1000 Iliados

108 1018 260 1090 proludat?
290 1018 469 1074 Consentiunt
490 1021 560 1073 enim
581 1037 682 1090 omnes,
702 1021 730 1074 in
751 1020 838 1076 Iliade
859 1021 990 1074 contineri
1008 1027 1084 1090 pcata

108 1098 278 1150 Graecorum
296 1103 321 1148 ct
337 1097 516 1149 livianorum
528 1097 567 1148 ad
579 1097 671 1164 Ilium,
692 1105 728 1165 et,
749 1098 772 1152 si
785 1097 851 1167 quid
863 1096 976 1164 addunt,
990 1097 1084 1164 fortia

105 1176 189 1242 facta
216 1172 338 1226 Achillis.
378 1173 422 1227 Ite
447 1174 474 1226 in
500 1173 592 1242 primis
618 1175 690 1228 clare
714 1179 810 1228 auctor
834 1174 898 1228 libri
918 1174 952 1226 de
971 1173 1083 1227 Homeri

106 1251 197 1320 potisi,
209 1249 256 1318 qui
265 1249 316 1302 sub
327 1248 467 1304 Plutarchi
477 1250 584 1305 nomine
595 1251 698 1319 editur3
710 1251 749 1304 ita
759 1250 918 1304 Eustathins
929 1250 1030 1319 ubique
1037 1242 1082 1323 90),

106 1328 164 1381 Hic
184 1333 274 1380 tamen
294 1325 361 1378 illud
381 1326 456 1394 prius
476 1326 564 1380 solum
585 1328 726 1380 constituit
738 1344 868 1381 summam
883 1325 1023 1394 Carminis,
1043 1327 1083 1380 in·

107 1421 193 1472 snper
212 1402 332 1458 absurde
352 1402 467 1468 docens,
493 1403 632 1458 Achillem
651 1405 678 1457 in
699 1420 731 1457 eo
751 1421 817 1473 prae
838 1403 934 1458 ceteris
954 1403 1082 1457 heroibus

107 1486 255 1548 tantopere
276 1484 400 1532 ornatum
421 1495 489 1544 esse,
510 1481 575 1549 quia
593 1480 729 1534 Homerus
749 1480 821 1534 hunc
841 1497 906 1550 prae
927 1481 1023 1534 ceteris
1044 1479 1083 1532 di·

107 1556 216 1610 lexerit.
249 1535 388 1621 Absurde,
408 1556 527 1624 inquam,
548 1557 609 1623 hoo,
630 1563 703 1612 etex
717 1563 825 1611 vetusto
840 1573 939 1622 errore,
955 1557 1001 1625 qui
1015 1559 1083 1626 poit-

109 1640 168 1688 tam
198 1633 284 1686 omnis
303 1631 361 1685 lore
380 1631 511 1686 materiae
531 1649 619 1686 rerum
639 1651 749 1688 suarum
768 1635 936 1688 inventorem
954 1633 1082 1688 faciebat.

110 1709 218 1762 Verum
233 1709 303 1778 quis,
317 1708 363 1777 qui
378 1708 621 1763 Grammaticorum
635 1710 725 1764 fontes
738 1711 818 1776 norit,
833 1727 887 1763 non
900 1710 1020 1778 impense
1035 1709 1081 1762 de·

109 1786 233 1852 miretur,
247 1801 280 1838 ne
292 1784 490 1838 Alexandrinos
505 1786 613 1855 quidem
624 1785 740 1840 Criticos
755 1803 846 1840 veram
860 1786 915 1838 vim
928 1785 1081 1854 argumenti

108 1862 250 1915 Homerici
270 1869 441 1930 perspectam
461 1861 597 1928 habuisse,
618 1879 700 1932 qnam
713 1868 807 1916 nostra
819 1868 904 1928 aetas,
926 1878 1081 1930 quanquam

107 1955 165 1992 non
179 1938 275 1991 eodem
288 1937 380 2005 modo,
391 1939 445 1992 iam
458 1937 559 1992 dudum
572 1945 699 1993 assecuta
711 1937 766 1992 sit?
784 1938 875 2007 Inepti
887 1945 950 1990 eunt
963 1936 1081 1991 Alexan·

109 2013 182 2068 drini
203 2015 257 2081 isti,
278 2015 374 2083 inquit,
395 2014 477 2086 defixi
496 2015 523 2068 in
537 2015 677 2069 vocabulis
691 2021 718 2068 et
736 2014 858 2085 syllabis,
879 2013 1006 2068 videlicet
1024 2013 1081 2068 nati

107 2099 174 2146 ante
195 2091 330 2144 inventam
351 2090 570 2161 philosophiam,
592 2108 674 2160 quam
694 2091 821 2158 dicimus,
841 2091 948 2146 artium.
988 2089 1028 2143 At
1046 2105 1080 2143 ne

108 2175 190 2222 vates
210 2166 318 2236 quidem
333 2168 391 2236 ipse
404 2167 456 2221 fuit
469 2167 657 2237 philosophus,
682 2186 762 2238 quem
782 2174 885 2224 tantam
904 2175 989 2222 artem
1010 2184 1080 2220 sum-

108 2261 171 2298 mae
190 2244 306 2298 actionis
326 2261 374 2313 per
394 2245 523 2315 ambages
545 2244 727 2314 episcdiorum
740 2245 890 2300 solvendae
903 2244 1080 2300 abscondisse

26 2321 30 2330 '
109 2329 230 2376 narrant.
263 2319 333 2374 Nam
353 2320 543 2376 absconditam
562 2321 634 2376 illam
649 2339 709 2376 esse
724 2329 841 2391 oportet,
860 2319 1080 2391 quandoquidem

108 2403 221 2540 {rragtfir
239 2395 417 2451 Aristotelem
441 2405 469 2452 et
493 2404 557 2452 ante
584 2415 645 2452 enm
668 2399 839 2467 paucissimis
858 2405 981 2452 veterum
1000 2395 1080 2450 subo·

122 2475 162 2528 uit
208 2511 214 2525 .

109 2651 266 2701 enumeratis
284 2651 400 2717 apponit:
420 2646 463 2707 οἷς
480 2650 560 2699 πᾶσιν
573 2645 696 2717 Ὅμηρος
713 2649 842 2720 κέχρηται
859 2647 903 2699 καὶ
916 2649 1027 2716 πρῶτος
1037 2646 1081 2699 καὶ

110 2718 217 2837 ἱκῗνῶς.
251 2718 290 2769 Ita
307 2719 433 2786 plerisque
451 2718 495 2769 ille
513 2727 553 2769 est
570 2727 595 2769 et
609 2718 710 2782 primus
726 2729 750 2769 ct
767 2717 880 2769 omnibus
903 2718 1015 2769 numeris
1037 2719 1081 2768 ab·

97 2795 213 2839 iromus.

179 2855 213 2920 ⁹⁰)
234 2856 269 2907 Ut
291 2856 316 2905 in
339 2855 446 2907 Prooom
475 2872 500 2920 p.
518 2855 542 2907 S.
570 2851 632 2904 οθτι
659 2853 695 2904 ἐκ
722 2857 783 2921 τῆς
807 2856 864 2905 τοῦ
890 2851 1082 2922 Ἀχιλλέως

111 2919 308 2988 ἀρξάμενος
323 2921 481 2992 μήνιδος,
499 2920 669 2991 ἀφηγήσεται
687 2921 722 2972 τὰ
739 2922 768 2972 ἐν
787 2921 858 2992 αὐτῆ
883 2919 1081 2990 συμβεβηκότα

110 2989 190 3050 κακὰ,
206 2990 239 3041 οὐ
255 2991 341 3054 μόνον
360 2991 419 3047 τοῖς
437 2988 561 3060 Ἀχαιοῖς,
585 2990 610 3040 εἰ
632 2989 676 3042 καὶ
699 2989 811 3048 τούτοις
848 2989 876 3042 πὶ
899 2989 989 3055 πλέον,
1011 2988 1079 3056 ἀλλ’,

110 3057 150 3116 ὡς
168 3058 247 3120 εἰκὸς,
265 3058 384 3117 καὶτοῖς
403 3053 513 3126 Τρωσίν.
549 3059 662 3110 Pertinet
678 3061 728 3110 hoc
745 3077 802 3111 cnm
820 3061 885 3120 aliis,
904 3076 967 3125 quae
985 3058 1080 3109 ibidem

111 3129 279 3194 disputantur,
296 3131 329 3180 ad
347 3129 470 3179 celebrem
488 3128 668 3194 quaestionem,
687 3143 733 3178 cnr
750 3129 916 3179 narrationem
934 3128 1034 3178 demum
1048 3127 1080 3176 ab

110 3199 149 3247 ira
168 3193 276 3246 Achillis
299 3213 403 3247 exorsus
428 3195 461 3246 sit
483 3196 619 3246 Homerus.
658 3197 765 3246 Diversa
787 3198 870 3247 fatuae
894 3195 1080 3261 superstitionis

112 3264 227 3331 quaestio
245 3264 299 3328 fnit,
318 3282 361 3315 cnr
379 3264 583 3331 splendidissimo
602 3267 672 3330 operi
689 3263 791 3316 foedum
804 3264 976 3314 etinteustum
988 3278 1081 3312 nomen

109 3331 223 3452 'iiiii
239 3332 391 3452 ‘'stlttlt·
423 3332 934 3465 tlt²¹tttt⁰tt⁰t⁰⁸,mltittt
948 3345 1079 3448 ”lttttt

191 3421 200 3450 ι
387 3440 393 3460 ,
612 3436 618 3451 .
664 3437 669 3450 .
719 3436 725 3449 .
768 3434 775 3449 .
850 3436 866 3463 .,

110 3471 210 3521 somnia
227 3471 316 3520 acerbe
333 3468 489 3535 exagitantur
508 3487 524 3518 a
540 3469 611 3518 Mese
628 3468 732 3518 Solano,

179 3537 213 3601 ⁹¹)
231 3538 328 3587 Novum
345 3538 393 3588 hoc
411 3553 501 3587 ausum
518 3545 566 3599 eet,
585 3536 624 3587 oui
641 3536 735 3587 tuendo
753 3551 804 3585 una
822 3533 926 3600 plagula
943 3550 994 3584 non
1011 3533 1080 3584 suffi-

110 3606 168 3657 ciat.
203 3603 322 3672 Plerique
340 3605 389 3655 sibi
406 3605 433 3654 id
450 3605 602 3657 videbuntur
619 3620 650 3655 ex
667 3601 773 3656 Horatio
791 3601 852 3653 satis
869 3602 978 3654 refutare
995 3619 1079 3670 posse.
