2726 4116
660 311 851 365 ...34-

270 471 319 527 ubi
340 477 430 525 tamen
450 469 529 539 plura
548 469 643 538 nitent,
658 469 709 539 (its
728 469 815 524 nitent
834 469 915 524 etiem
933 469 1019 524 multa
1039 470 1067 526 in
1080 471 1244 543 Theogonis

271 554 299 602 et
318 548 345 601 in
366 547 450 602 Scuto
470 545 576 616 Hero.,)
596 552 627 600 ut
645 543 675 608 φ.
694 545 735 596 88.
755 563 825 616 sqq.,
846 552 877 600 nt
896 562 926 594 or.
944 543 1002 596 247.
1023 565 1083 618 sqq,
1098 547 1158 598 602.
1171 566 1243 618 sqq„

270 629 303 678 ut
322 623 425 694 Odyss.
445 620 476 685 ψ.
501 622 560 673 310.
580 641 650 693 sqq,
672 629 702 677 ut
722 638 752 671 or.
770 623 812 672 24.
832 641 892 693 sqq.
923 623 1018 678 Dehis
1030 632 1058 678 et
1078 625 1139 679 aliis
1159 625 1243 694 pluri·

271 701 324 755 bus
343 699 534 770 disputandum
556 700 606 754 erit
619 700 685 754 alias
699 699 853 771 siugulatim
867 708 895 754 et
908 700 1086 755 intentissime
1099 718 1173 772 cure,
1187 718 1243 772 que

272 793 315 832 res
340 781 417 832 tenta
450 776 531 847 digna
556 782 606 830 est.
650 776 730 831 Nunc
759 777 826 830 haec
856 778 1017 832 subnotasse
1048 778 1114 833 satis
1144 777 1246 846 habeo,

270 853 338 907 nihil
358 870 464 922 curans,
485 859 616 923 quantum
635 853 698 908 inde
718 853 847 908 momenti
866 855 903 909 ad
923 853 1065 924 superiora
1084 860 1247 926 argumenta

270 929 422 986 accesserit.

676 1054 841 1130 XXXII.

348 1195 497 1265 Pergamus
517 1196 552 1250 ad
573 1213 617 1263 ea,
647 1214 717 1266 qnae
737 1194 835 1251 Graeci
863 1212 995 1250 consensu
1021 1195 1192 1250 tradiderunt
1212 1195 1248 1250 de

271 1271 456 1326 vetustissima
471 1272 583 1327 historie
596 1274 692 1327 horum
708 1271 872 1339 carminum,
893 1279 989 1327 tenues
1010 1279 1037 1327 et
1051 1272 1183 1327 obscuras
1197 1289 1247 1342 per

271 1365 301 1404 se
320 1347 456 1417 reliquias,
476 1365 526 1403 nec
545 1350 598 1404 illis
618 1350 683 1420 ipsis
703 1349 768 1404 setis
788 1349 940 1403 intellectas
951 1389 958 1417 ,
982 1349 1061 1404 nobis
1081 1355 1173 1404 autem
1192 1349 1248 1404 iem

271 1442 325 1478 non
345 1424 418 1477 omni
438 1425 499 1480 luce
521 1433 652 1480 carentes.

348 1518 469 1572 Primum
483 1519 595 1574 Homeri
608 1520 699 1590 poesis
713 1537 730 1573 a
743 1519 961 1574 Lacedaemonio
976 1519 1105 1590 Lycurgo
1119 1536 1154 1576 ex
1168 1520 1249 1575 ionia

271 1597 298 1650 in
318 1595 536 1665 Peloponnesum
556 1597 634 1651 illato
654 1613 712 1650 esse
735 1597 841 1650 dicitur.
889 1598 1015 1666 Quatuor
1034 1596 1114 1650 nobis
1137 1605 1248 1651 exstant

271 1672 350 1726 huius
364 1672 403 1725 rei
415 1671 539 1743 restem),
561 1673 589 1726 in
608 1669 649 1726 his
670 1673 773 1742 primus
794 1679 821 1726 et
835 1678 924 1728 aetate
938 1678 965 1726 et
979 1673 1144 1728 auctoritate
1158 1673 1246 1728 Hera-

271 1749 356 1803 clides
375 1749 526 1816 Pontious,
553 1749 600 1820 qui
626 1747 752 1804 Carmina
777 1747 962 1820 eOreophyli
989 1749 1106 1818 posteris
1131 1755 1249 1819 accepts

272 1826 364 1880 refert.
403 1826 459 1879 Hic
479 1825 661 1898 Creophylus,
683 1827 806 1896 quamvis
826 1825 908 1880 homo
930 1825 1088 1894 fabulosus,
1115 1843 1200 1895 quum
1220 1827 1249 1880 in

271 1901 464 1972 antiquissimis
483 1902 577 1972 Epiois
598 1909 626 1958 et
645 1903 739 1958 amicis
759 1902 871 1956 Homeri
891 1908 1055 1969 numeretur,
1076 1903 1134 1958 eius
1155 1909 1248 1972 posto·

271 1996 316 2033 ros
347 1979 475 2032 coniicias
499 1979 582 2035 fuisse
602 1980 731 2034 familiam
745 1975 843 2028 ἀοιδῶν
862 1978 919 2032 sive
936 1974 1089 2045 ῥαψῳδῶν,
1114 1979 1162 2049 qui
1182 1977 1249 2035 Car·
1341 2031 1342 2040 ,

271 2056 344 2108 mina
363 2062 461 2125 rogatu
475 2055 595 2127 Lycurgi
616 2056 758 2111 docuerint
771 2055 1010 2124 Lacedaemonios,
1030 2056 1078 2110 vel
1097 2056 1249 2110 revertenti
1341 2099 1342 2102 ι

272 2131 397 2185 comitem
418 2130 549 2200 dederint,
571 2134 620 2202 qui
640 2150 673 2187 ea
693 2138 798 2187 teneret
818 2138 844 2186 et
858 2139 975 2186 caneret.
1006 2132 1078 2187 Nem
1092 2132 1169 2202 quod
1182 2132 1248 2186 Plu·

271 2206 382 2262 tarchus
410 2207 483 2276 apud
508 2208 582 2262 illam
608 2209 737 2264 familiam
764 2209 861 2263 litteris
881 2209 1010 2262 mandata
1031 2216 1058 2262 et
1079 2225 1096 2262 a
1116 2209 1248 2280 Lycurgo

272 2283 409 2354 descripta
425 2290 528 2353 narrat,
548 2285 576 2339 id
596 2304 650 2340 non
669 2286 754 2357 magis
774 2285 809 2338 ad
829 2302 886 2340 rem
906 2286 1032 2356 pertinet,
1054 2301 1135 2354 quem
1150 2284 1248 2341 addita

272 2360 358 2430 ratio,
386 2378 434 2414 our
454 2361 596 2431 legislator
623 2380 655 2418 es
674 2363 702 2416 in
722 2363 865 2437 civitatem
879 2379 955 2416 suam
974 2361 1147 2432 importanda
1168 2380 1248 2416 curs·

271 2437 351 2491 verit.
390 2436 505 2491 Addunt
524 2438 589 2493 talia
609 2440 731 2494 historici
751 2457 785 2494 ex
804 2439 911 2507 ingenio
932 2455 991 2505 suo,
1012 2455 1046 2493 ne
1066 2455 1110 2492 res
1129 2437 1203 2492 nude
1219 2444 1246 2495 st

272 2514 377 2568 exiliter
396 2530 506 2569 narrere
526 2517 676 2571 videantur.
717 2515 763 2570 Ac
783 2533 817 2571 ne
840 2515 908 2569 illud
930 2515 1039 2584 quidem
1052 2513 1169 2570 Aeliano
1191 2533 1249 2570 cre·

273 2590 401 2658 diderim,
428 2590 487 2661 (qui
513 2594 583 2648 enim
608 2594 631 2648 is
657 2593 726 2648 scire
750 2591 873 2664 potuit‘l)
900 2593 953 2646 iem
981 2591 1110 2662 Lycurgo
1138 2593 1251 2663 cognita

273 2666 356 2721 fuisse
376 2667 443 2721 haec
465 2670 566 2738 omnis,
593 2687 627 2725 ex
646 2669 745 2739 quibus
765 2668 880 2740 posthac
900 2668 967 2722 Ilias
987 2673 1016 2721 et
1036 2667 1164 2739 Odyssea
1184 2685 1249 2724 oon·

273 2744 392 2797 stabant.
432 2744 523 2814 Quare
543 2747 669 2814 abiectis,
696 2763 765 2816 quse
791 2746 880 2800 afficta
899 2750 963 2799 sunt
982 2743 1017 2796 ed
1037 2744 1186 2816 mythicam
1208 2745 1249 2799 fa·

273 2836 353 2888 marn,
373 2819 426 2873 hoc
446 2821 534 2877 solum
547 2824 649 2878 nudum
667 2823 836 2893 relinquitur,
858 2827 920 2876 ante
934 2821 1091 2891 Lycurgum
1105 2820 1248 2891 Spartanis

272 2901 378 2950 tantum
399 2914 499 2966 paucas
519 2900 680 2970 rhapsodias
700 2900 858 2967 innotuisse,
879 2899 971 2968 plures
992 2898 1161 2966 temporibus
1175 2898 1249 2952 illius

272 2972 318 3026 vel
343 2972 429 3042 ipsius
458 2992 523 3030 cure
542 2978 665 3046 additas,
690 2980 853 3046 podtamque
881 2974 978 3029 deinde
1004 2974 1059 3028 illic
1086 2991 1193 3045 semper
1221 2975 1248 3028 in

251 3049 389 3103 maximo
410 3050 514 3108 honore
534 3053 655 3125 fuisse3).

341 3257 363 3320 ²)
381 3207 510 3308 IIeraclid.
527 3257 627 3324 I'ragm.
645 3254 710 3324 περὶ
727 3252 867 3306 πολιτείων
885 3254 911 3305 in
930 3254 1006 3306 Gron.
1026 3253 1103 3307 Thes.
1122 3252 1177 3306 ΛΑ.
1192 3254 1248 3306 GG.

274 3323 303 3374 Τ.
321 3323 365 3376 VI.
384 3343 409 3392 p.
428 3327 503 3381 2823.
522 3325 549 3378 B,
588 3326 635 3382 Dio
659 3325 791 3392 chrysost.
827 3323 874 3374 Or.
894 3322 926 3374 ΙΙ,
952 3341 977 3390 p.
1001 3324 1042 3379 87.
1066 3320 1154 3373 Reislr.
1179 3321 1249 3376 Plut.

274 3407 301 3456 iu
319 3392 438 3460 Lycurgo
456 3412 480 3462 p.
499 3396 541 3450 41.
560 3394 591 3446 D.
611 3394 711 3446 Aelian.
731 3391 903 3454 v.11.x111‚
926 3394 966 3447 14.
1094 3390 1099 3398 ’

343 3480 364 3544 ³)
383 3478 451 3531 Plat.
475 3480 508 3532 da
532 3480 613 3548 Legg.
632 3479 676 3531 111.
702 3496 727 3546 p.
747 3477 807 3533 680.
826 3475 853 3530 0.
889 3477 958 3528 Plut.
981 3473 1113 3544 Apophth.
1137 3473 1197 3526 Lac.
1221 3492 1248 3541 p.

276 3546 335 3600 223.
352 3547 384 3597 A.
420 3548 521 3602 Aelian.
541 3550 572 3602 V.
590 3547 623 3602 Η.
642 3547 712 3610 XIII,
732 3549 772 3602 19.
