2694 4116
661 313 852 375 ..98-

269 477 411 534 transierri
423 483 552 549 potuerat
558 476 603 549 ²¹).
634 477 771 550 Quocirca
783 497 838 534 non
851 477 958 547 dubito,
978 479 1043 551 quin
1062 480 1240 551 antiquissimi

269 555 426 627 philosophi
445 561 572 611 auctores
584 556 816 632 interpretationis
829 556 949 620 habendi
962 557 1024 625 sint,
1045 563 1075 612 et
1088 556 1169 612 initio
1184 558 1240 628 qui-

270 632 332 688 dem
350 631 546 698 πραγματικῆς·
580 631 651 688 Nam
669 633 816 688 verborum
830 633 983 688 obscuritas
995 635 1049 689 illis
1062 634 1182 688 saeculis
1195 634 1239 687 ed-

268 709 379 765 modurn
398 709 472 764 nulla
491 716 563 777 erat,
589 710 699 781 qnando
724 711 819 766 eadem
843 711 932 766 forma
957 711 1088 767 orationis
1115 711 1240 780 usurpari

269 787 375 843 solebat
393 786 429 844 ab
450 787 553 857 optimo
567 802 676 857 qnoque
689 791 840 855 petitarum.
865 787 971 842 Verum
983 787 1141 858 philosophi
1156 805 1239 858 quum

268 863 400 933 viderent,
420 863 605 920 sacrababeri
618 861 753 932 Carmina,
773 865 960 935 celebrarique
980 865 1052 919 omni
1072 865 1188 934 populo,
1210 881 1242 918 ex

267 944 354 1014 iisqne
374 943 447 997 ritae
466 947 539 995 recte
565 940 746 996 instituendae
769 948 917 1012 praecepta
936 942 1015 1010 sumi,
1037 957 1128 1011 neque
1149 947 1242 996 nmen

267 1021 295 1075 in
314 1021 347 1076 iis
366 1036 421 1074 non
441 1015 686 1072 animadverterent
705 1019 791 1072 multa
809 1018 896 1086 ialso,
923 1017 1035 1072 ridicule
1064 1025 1092 1072 et
1112 1017 1242 1072 indecore

266 1097 332 1168 fingi
353 1098 504 1152 denatura
524 1094 636 1148 deornm
656 1101 806 1163 atrorum,
831 1095 1054 1165 interpretatione
1080 1109 1132 1148 sua
1159 1095 1241 1148 corri-

266 1190 331 1246 gere
350 1172 466 1237 febulas,
487 1177 569 1242 atque
589 1170 623 1224 ad
643 1172 784 1244 physicam
805 1177 832 1226 et
850 1171 980 1226 moralem
1001 1171 1155 1228 doctrinam
1176 1188 1241 1226 snae

267 1251 364 1306 aetatis
384 1248 598 1317 accommodare,
620 1250 737 1320 denique
757 1248 885 1303 historias
905 1254 932 1302 et
951 1248 1056 1320 reliqna
1075 1251 1134 1303 fere
1148 1248 1240 1302 omnia

268 1327 303 1382 ad
322 1327 464 1382 involucra
484 1325 633 1395 exquisitae
653 1325 803 1396 saplentiee
822 1326 930 1380 trahere
943 1333 1101 1398 coeperunt.
1136 1324 1201 1378 Hoc
1214 1325 1240 1378 in

267 1421 366 1476 genere
386 1403 440 1458 iam
460 1403 532 1456 circa
545 1401 656 1472 Olymp.
676 1402 791 1468 LXIII,
812 1403 839 1456 in
860 1419 914 1471 qua
933 1403 1094 1459 Pisistratus
1115 1403 1242 1473 decessit,

267 1479 428 1535 elaborabat
447 1479 609 1549 Theogenes
627 1479 782 1550 Rheginus‚
809 1497 873 1533 mox
898 1479 1078 1550 Anaxagoras
1100 1479 1241 1534 Clazome-

266 1557 336 1625 nius,
356 1555 533 1610 Metrodorus
552 1554 762 1625 Lampsacenus,
782 1555 978 1610 Stesimbrotus
998 1556 1116 1610 Thasius
1137 1557 1240 1626 aliique

266 1633 327 1689 aevi
347 1631 519 1703 eiusdemli).
553 1631 639 1686 Pauci
652 1638 747 1688 contra
765 1633 822 1700 alii,
841 1639 872 1686 nt
884 1632 1068 1704 Pythagoras,
1087 1631 1239 1702 Xenopha-

266 1726 324 1780 nes,
343 1708 498 1764 Heraclitus
507 1709 556 1779 24),
577 1725 632 1763 nnn
652 1710 815 1764 verebantur
827 1709 976 1764 Homerum
996 1709 1145 1780 impietatis
1160 1727 1239 1765 accu-

266 1792 458 1858 sarapropter
477 1793 519 1842 tot
538 1787 603 1841 ficta
621 1803 671 1840 seu
691 1785 878 1856 pulcherrimis
903 1787 1028 1840 versibus
1048 1792 1146 1841 ornata
1165 1803 1239 1842 men-

334 1963 566 2033 ss)10„0p‚530,
586 1962 618 2017 c,
648 1959 686 2013 Od
702 1960 758 2030 γὰρ
775 1960 882 2029 γένοιτό
898 1977 966 2012 ποτε
974 1961 1128 2098 βαψῳδός,
1153 1962 1179 2012 εἷ
1201 1963 1239 2032 μὴ

266 2033 345 2103 συνίῃ
365 2033 400 2085 τὰ
418 2031 554 2100 λεγόμενα
572 2029 622 2082 ὑπὸ
634 2033 684 2082 τοῦ
695 2033 816 2116 uorprori.
849 2025 898 2082 Τὸν
909 2029 962 2097 γὰρ
995 2029 1104 2099 αφῳδὸν
1116 2030 1239 2099 ἑρμηνέα

266 2102 374 2153 deicoli
391 2103 502 2169 ποιητοῦ
520 2103 570 2167 τῆς
587 2099 709 2159 διανοίας
722 2100 865 2167 rarusculos
883 2101 943 2156 τοῖς
953 2097 1104 2150 ἀκούωσιν.
1135 2099 1237 2217 Specio-

266 2172 319 2222 sins
337 2178 384 2230 ost,
402 2170 469 2236 quod
487 2170 624 2235 respondet
639 2168 676 2229 10,
694 2185 770 2235 posse
787 2186 815 2220 se
831 2166 958 2218 κάλλιστα
975 2165 1129 2235 ἀνθρώπων
1167 2166 1237 2233 ἑγειν

266 2235 330 2306 περὶ
344 2234 477 2306 Ὃμὴρου,
495 2254 576 2304 eaque
594 2237 619 2287 in
632 2243 664 2288 're
681 2246 777 2289 certare
795 2254 853 2288 cnm
872 2237 1048 2302 interpretibus
1066 2237 1179 2302 optimis.
1210 2239 1238 2288 In

265 2309 357 2359 ceteris
375 2306 476 2374 quidem
494 2307 537 2357 hic
553 2305 695 2370 pulchellus
718 2308 842 2371 interpres
869 2305 933 2355 nihil
955 2304 1049 2369 profert
1072 2313 1143 2355 tauto
1167 2305 1239 2356 biatu

266 2376 386 2442 dignum:
405 2375 450 2426 sed
468 2373 577 2441 potuerit
595 2373 621 2423 id
639 2376 728 2435 lacere,
746 2383 775 2424 ut
793 2372 976 2439 Sydenhamins
989 2383 1081 2432 censet,
1093 2390 1144 2423 non
1159 2391 1239 2440 quse·

265 2443 343 2495 rimus
361 2444 393 2494 de
411 2443 543 2510 rhapsodis
561 2442 648 2493 aetatis
667 2441 821 2502 Platonicae,
839 2441 885 2492 sed
902 2442 934 2491 de
951 2440 1061 2506 antiquis
1079 2443 1239 2493 successori-

265 2514 312 2565 bus
330 2511 439 2566 ἀοιδῶν.
474 2511 512 2562 Cf.
531 2529 556 2577 p.
575 2512 633 2566 535.
651 2509 683 2563 A.

335 2579 369 2648 Ἰ)
386 2581 460 2632 Plato
478 2579 540 2632 Ione
557 2579 618 2634 1.,α.
636 2578 753 2645 Xenoph.
772 2578 860 2646 Symp.
878 2578 923 2642 III,
947 2579 972 2639 3,
998 2581 1021 2634 6.
1046 2580 1121 2644 Diog.
1147 2579 1237 2630 Ladrt.

265 2650 355 2712 11,11.
374 2651 471 2700 Patiar.
490 2649 547 2699 adv.
565 2648 655 2699 Gracc.
672 2648 714 2701 et.
733 2649 774 2702 48.
804 2647 876 2698 (Ioni.
895 2647 975 2714 Bnyle
992 2648 1061 2698 Dict
1079 2663 1101 2696 r.
1120 2648 1239 2716 Anaxag.

265 2727 291 2770 et
309 2717 455 2770 Monboddo
474 2718 583 2768 Ancient
603 2715 772 2782 Metapbysics
791 2715 848 2767 Vol.
870 2714 913 2766 III.
933 2733 958 2782 p.
977 2716 1035 2770 108.
1069 2714 1108 2764 Ex
1130 2724 1240 2781 quatuor

265 2786 318 2837 illis
341 2786 488 2852 Theogenes
512 2786 550 2836 bis
573 2784 690 2836 laudatur
710 2786 736 2834 in
760 2784 884 2844 Scholiis,
911 2786 970 2834 item
999 2783 1037 2834 bis
1062 2784 1238 2849 Anaxagoras,
1332 2827 1333 2838 r

264 2853 343 2906 semel
361 2854 520 2905 Metrodorus
537 2853 570 2904 ad
588 2869 611 2904 κ.
631 2853 689 2906 252.
706 2870 731 2920 p·
749 2852 816 2912 251..
836 2851 1010 2904 Stesimbrotns
1033 2860 1071 2902 ter
1088 2848 1112 2903 λ.
1131 2853 1189 2907 635.
1211 2869 1235 2904 ο.
1332 2847 1333 2919 i

266 2923 323 2978 193.
342 2938 372 2988 φ.
390 2924 431 2977 76.
450 2921 488 2972 bis
506 2921 533 2971 in
552 2921 637 2975 Schol.
654 2921 783 2986 Apollonii
801 2920 849 2970 Rb.
868 2929 894 2972 et
910 2920 936 2970 in
953 2919 1064 2986 Erymol.
1082 2920 1119 2971 M.
1136 2939 1161 2985 p.
1176 2921 1238 2974 277.

264 2993 323 3047 465.
358 2989 468 3041 Additur
491 3008 506 3040 a
529 2989 638 3042 Platone
662 2989 770 3049 Glauco,
793 2989 876 3039 forsan
898 2987 943 3039 ille
966 2989 1043 3039 Tetus
1067 3006 1107 3054 ap.
1131 2988 1238 3040 Aristot.

264 3060 339 3110 Rhct.
361 3058 406 3123 111,
427 3062 459 3119 l,
482 3058 526 3125 qui
549 3059 580 3108 de
602 3059 700 3124 tragica
723 3074 767 3108 sen
791 3057 942 3123 rhapsodica
970 3058 1067 3108 actione
1092 3056 1238 3123 scripserat.

263 3127 320 3178 Nisi
339 3127 421 3193 potins
440 3126 562 3193 placuerit
580 3125 746 3194 Sydenhamii
764 3143 825 3176 corr.
843 3121 960 3182 Γλαῦκος
977 3133 1080 3192 propter
1098 3124 1184 3178 Schol.
1202 3127 1237 3177 ad
1331 3147 1332 3170 r

264 3194 287 3247 I.
306 3197 374 3256 635,
392 3194 435 3245 ubi
453 3195 565 3246 Glaucus
584 3196 744 3262 subiungitur
761 3194 935 3246 Stesimbroto.
962 3193 1049 3244 Minus
1067 3193 1145 3245 etiam
1162 3194 1235 3244 nori·
1331 3185 1332 3212 ¹

263 3281 320 3316 mus
338 3263 554 3315 Anaximandrum
571 3262 755 3330 XenophontIs.
780 3261 847 3312 Nam
865 3262 947 3313 clarus
965 3261 1104 3329 discipulus
1118 3261 1236 3313 Thaletis

264 3333 409 3385 erratione
431 3339 573 3397 temporum
596 3348 646 3383 non
670 3332 752 3398 potuit
775 3348 830 3382 essa
847 3331 959 3382 Nicerati
980 3335 1114 3397 magister:
1138 3346 1234 3396 cogno-

264 3403 339 3484 minis
357 3401 425 3452 filius
443 3400 512 3451 illius
529 3403 612 3467 potnit
629 3417 700 3459 esser
719 3409 744 3451 at
763 3417 795 3450 ne
813 3399 845 3450 de
856 3399 906 3450 hoc
919 3399 1021 3466 quidem
1034 3400 1084 3450 talc
1096 3398 1236 3466 quidquem

264 3468 457 3604 1ΘεωίἒΙΙΙΙη.
476 3535 557 3592 Laert.
577 3537 643 3598 VIII,
662 3539 702 3592 21.
721 3535 767 3599 IX,
788 3541 810 3591 1.
830 3537 870 3591 18.
887 3535 972 3602 ibique
989 3537 1074 3603 Intpp.
