2694 4116
518 307 549 319 ·-·
597 284 652 337 119
696 311 731 322 -·

125 445 300 508 temporum,
326 439 370 494 rel
396 439 619 496 cousuetudinem
638 441 779 498 Homerici
799 446 932 501 sermonis
952 446 979 502 in
1000 437 1107 503 univer·

127 533 191 572 sum
199 513 251 584 ὅθ),
276 514 319 570 vel
343 515 447 572 inriore
472 522 500 572 et
524 517 560 572 nb
587 535 638 572 usu
662 519 839 577 abhorrentia
865 523 1003 580 vocabule
1022 530 1050 578 et
1070 525 1110 578 lo·

131 592 257 648 cutiones
277 591 496 663 explicarentll).

130 790 188 824 rum
206 775 344 840 proiectum
362 786 426 822 esse.
461 768 511 821 llls
528 786 588 820 mox
606 785 657 820 uns
674 787 731 822 curn
748 773 921 825 solutionibus
941 775 1026 826 referri
1044 776 1111 827 solc-

127 843 193 893 bsnt
209 842 235 892 iu
253 841 360 901 littores,
376 837 554 905 feeiobsntque
572 839 644 904 qussi
661 840 785 905 quosdam
808 841 1009 894 commentarios
1033 843 1111 895 sode-

127 909 194 969 licii,
213 909 385 975 inspiciendos
408 907 492 957 tnrssn
516 906 685 968 Ptolemaeis,
710 923 767 958 cuns
789 917 983 977 concoquerent.
1025 912 1111 976 Atque

126 977 163 1028 ‹le
185 977 225 1028 his
248 975 435 1028 commentariis
453 973 556 1039 (Dubio
577 982 669 1024 uenum
694 975 798 1026 Homeri
821 976 892 1028 dices
916 979 1011 1030 biblico
1033 995 1109 1030 vocs-

127 1045 201 1112 bulo)
219 1061 286 1096 nuuc
301 1045 375 1111 pluro
392 1043 466 1092 nobis
485 1042 651 1093 innotuerunt
674 1060 706 1093 ex
730 1045 802 1094 novis
824 1045 948 1106 bebobis,
973 1047 1020 1096 sed
1044 1062 1109 1112 psu-

123 1113 231 1164 cissimu
249 1113 370 1164 Zenodoti
389 1110 503 1175 Ephesii,
521 1118 548 1160 ut
566 1111 600 1160 ud
618 1126 642 1160 a.
661 1113 703 1165 21.
720 1109 749 1174 β.
773 1113 820 1170 12„
839 1113 899 1176 (nisi
918 1113 961 1164 hic
973 1121 1014 1164 est
1026 1114 1109 1164 minor

127 1181 287 1240 zenodotus,
307 1181 347 1231 oni
370 1180 463 1231 Suidns
487 1175 588 1237 Λύσεις
608 1175 764 1246 ‘arreptum
787 1178 972 1246 ἀκυρημᾰτων
997 1181 1109 1246 tribuit)

126 1249 206 1315 longe
224 1249 334 1316 plnrims
351 1257 436 1299 temen
454 1247 510 1297 sine
527 1248 670 1298 nominibus
689 1259 828 1298 erectorum.
864 1250 893 1299 ln
912 1249 952 1298 his
972 1250 1050 1314 igitur
1067 1249 1107 1300 le-

122 1327 223 1382 -guutur
239 1315 346 1368 fortusse
363 1315 487 1366 nonnulle
504 1332 535 1366 ex
553 1317 672 1380 operibus
690 1316 765 1366 trium
784 1314 1015 1382 Peripateticorum,
1026 1315 1109 1367 Hers-

129 1384 207 1435 clidis
224 1385 335 1442 Pontici,
354 1382 571 1442 Chamaeleontis,
591 1382 754 1448 Megnoliclis‚
778 1393 805 1434 et
829 1385 944 1436 aliorum.
982 1386 1014 1436 Et
1038 1383 1108 1435 che-

46 1448 48 1452 ’
127 1451 246 1502 mseleon
266 1453 367 1520 quidem
385 1459 424 1502 ter
441 1450 558 1502 laubaci
575 1466 603 1511 μ.
622 1451 681 1504 231.
701 1450 730 1513 ψ.
748 1453 789 1506 94.
814 1454 873 1506 454.
897 1469 930 1502 ex
953 1453 1020 1502 libro
1045 1449 1109 1518 περὶ

121 1515 245 1578 Ἰλιάδος,
262 1531 292 1572 ut
309 1521 440 1585 suspicor;
460 1518 617 1584 Megsclides
640 1528 730 1584 quater
753 1536 784 1570 cx
805 1518 872 1570 libro
896 1517 961 1587 περὶ
975 1517 1109 1588 ’θμήροω

125 1587 162 1638 sd
178 1604 201 1639 κ.
219 1589 278 1643 274.
297 1605 323 1640 π.
345 1590 399 1642 140.
442 1624 447 1636 .
472 1587 514 1640 36.
539 1586 598 1642 205.
634 1586 664 1637 ln
689 1587 859 1638 celeberrimis
883 1597 967 1639 sutem
991 1586 1110 1644 λυτικυῖς

128 1655 177 1707 luit
194 1657 242 1707 sub
265 1656 411 1706 Ptolemaeo
419 1602 600 1720 l’hilndelpho
619 1653 736 1705 Sosibius
758 1655 843 1716 Luco,
862 1655 894 1706 de
920 1673 972 1721 quo
995 1656 1110 1723 lepidum

126 1720 241 1774 lsbulsm
265 1731 348 1776 numut
371 1723 464 1772 Athen.
487 1721 531 1772 Xl.
557 1741 583 1788 p·
608 1724 666 1776 493.
690 1722 727 1784 R,
751 1723 819 1774 uude
848 1723 928 1773 semel
955 1733 1109 1775 memoretur

125 1789 276 1852 Eustnthio‚
299 1790 344 1842 sed
367 1791 540 1856 nusqusmin
570 1790 688 1842 Soboliis.
723 1790 805 1840 Docet
829 1790 875 1840 illo
897 1791 1004 1851 subula,
1032 1808 1108 1857 quum

122 1859 240 1909 curiosus
260 1860 360 1938 illarum
380 1875 463 1908 rernm
481 1857 558 1908 luerit
568 1858 761 1924 Philadelphus.
792 1857 959 1909 Notissimnm
973 1866 1012 1910 est
1024 1858 1108 1909 simile

124 1926 239 2060 “main
245 1925 426 2046 lelbrlrlllillnss
429 1928 684 2060 1liliitlglnlplierpuucu
702 1993 795 2059 scriptu
806 2001 1044 2055 commemorentur,
1056 1994 1105 2044 uisi

121 2079 155 2114 co
173 2063 265 2113 referre
283 2062 346 2113 velis
364 2059 399 2111 τὰ
416 2059 481 2129 περὶ
499 2065 550 2128 τῆς
573 2060 636 2111 καθ’
656 2057 779 2128 Ὅμηρον
803 2065 931 2142 τακτικῆς
952 2080 986 2129 sp
1004 2062 1106 2113 Aeliun.

124 2131 244 2183 Pronum.
263 2130 332 2180 'fect
349 2131 391 2180 vel
409 2127 444 2179 τὰ
461 2128 524 2196 περὶ
543 2128 711 2194 οῖωνιστικῆς
728 2131 779 2194 τῆς
795 2146 819 2180 κ.
830 2126 875 2180 σ0.
899 2148 925 2180 ιιι
952 2130 1049 2182 Scholl.
1073 2131 1107 2181 ud

121 2195 153 2260 β.
171 2200 230 2254 305.
249 2215 356 2264 qnorum
374 2209 511 2257 tinctorem,
530 2208 605 2262 puto,
624 2214 703 2247 unum
722 2201 838 2249 norimus
862 2215 894 2248 ox
911 2198 1002 2260 Suirln,
1022 2196 1107 2250 Polle-

124 2278 185 2325 tem,
202 2266 302 2331 elinque
320 2265 414 2316 similis
431 2284 446 2316 n
464 2266 624 2331 pbilosophis
641 2275 668 2316 et
686 2265 827 2316 rhetoribus
850 2276 1028 2318 commentsts.
1063 2269 1104 2317 De

124 2333 203 2384 sltero
221 2351 324 2400 genere,
343 2334 465 2383 cretionis
483 2333 634 2385 Homericus
651 2334 859 2399 proprietatibus,
878 2332 966 2399 psello
984 2334 1106 2384 celebrio-

124 2418 164 2452 res
193 2411 253 2451 sunt
282 2401 354 2460 libri,
383 2409 410 2450 ut
434 2401 576 2452 Ptolemaei
605 2400 780 2460 Pmounesis,
804 2398 868 2467 περὶ
892 2403 942 2450 τοῦ
961 2397 1104 2469 Ὁμηρικοῦ

118 2470 309 2586 ἔαρακτῆρυς,
328 2469 475 2529 Aristonici,
493 2467 559 2536 περὶ
576 2470 631 2518 τῶν
656 2469 706 2534 τῆς
726 2461 768 2516 'lt
792 2465 836 2517 καὶ
857 2465 906 2518 ’on
930 2467 1104 2520 ἀσυντάκτων

141 2534 265 2597 sonorior
285 2535 346 2588 libb.
365 2537 408 2586 Vl.
428 2536 569 2602 dequibus
588 2554 610 2588 τ.
631 2535 702 2586 sord.
722 2535 752 2584 Τ.
772 2537 791 2584 Ι.
811 2553 834 2601 p.
854 2537 976 2590 326.111.
996 2554 1022 2602 p.
1042 2538 1103 2590 224.

124 2613 179 2654 tum
198 2602 337 2665 Bssilidue,
355 2600 585 2672 περέὋμηρικῆς
602 2600 708 2660 λέξεως
725 2619 765 2668 ap.
785 2603 867 2669 Etym.
887 2606 922 2654 Μ.
942 2621 966 2670 p.
996 2606 1052 2658 142.
1081 2613 1106 2656 et

124 2669 248 2722 Zenodori
266 2673 293 2721 in
312 2673 410 2737 primis,
428 2670 492 2739 περὶ
514 2674 564 2738 τῆς
579 2667 695 2739 Ὁμήρου
721 2669 869 2738 συνηθείας
893 2671 953 2723 libb.
978 2670 1011 2723 X.
1034 2672 1104 2723 lsud.

123 2740 152 2790 in
170 2739 267 2790 Scholl.
285 2740 317 2789 sd
336 2755 360 2789 σ.
379 2740 438 2794 356.
457 2741 499 2793 22.
517 2757 545 2807 ρ.
564 2741 622 2793 253.
652 2737 764 2804 Apollon
784 2741 844 2790 Lex.
864 2756 888 2790 v.
907 2738 1028 2807 ζῶστρα.
1055 2740 1105 2790 His

124 2809 192 2857 eninr
211 2808 275 2857 locis
293 2808 353 2872 plns
370 2807 454 2858 tribuo
471 2824 547 2873 quum
567 2807 671 2867 Snidee,
690 2806 783 2857 librum
802 2807 851 2858 boe
873 2807 947 2858 titulo
970 2811 1003 2858 sd
1022 2806 1105 2858 Zeno·

118 2874 211 2926 cletum
229 2877 352 2929 minorem
370 2876 495 2928 referenti.
532 2875 603 2926 Alios
621 2874 737 2926 eiusdem
755 2875 896 2941 argumenti
913 2875 1003 2947 libros,
1021 2891 1105 2942 neque

123 2950 209 2993 tumen
228 2943 330 2992 omniuo
349 2942 410 2993 estis
429 2946 502 3001 certi.
521 2945 569 2993 sub
587 2943 734 2994 unctoribus
752 2945 807 2992 suis
824 2943 926 2995 notabo.

193 3009 225 3075 ⁶⁷)
243 3005 375 3067 Γλώσσας
391 3028 413 3062 s.
430 3008 527 3068 λέξεις.
562 3010 627 3062 lude
649 3010 780 3077 paullatim
805 3012 937 3062 Glossaris
960 3015 989 3060 et
1010 3009 1106 3061 lrexics

123 3077 193 3128 fectu
211 3093 268 3128 esse
286 3090 399 3143 apparet,
419 3080 510 3141 etiem,
535 3081 603 3146 quod
628 3088 723 3129 temere
747 3078 864 3130 dubitent
887 3077 1020 3139 nonnulli,
1046 3081 1105 3143 ipss

123 3145 174 3195 bec
196 3153 277 3195 setute
299 3146 476 3197 Alexandrino.
518 3146 570 3196 see
596 3147 720 3213 primum,
745 3155 774 3196 ut
798 3148 914 3206 videtur,
938 3161 979 3196 res
1004 3147 1105 3197 institui

118 3221 213 3276 coeptu
231 3221 271 3263 est
293 3213 326 3263 nd
351 3215 441 3265 seriem
465 3214 595 3281 qunndom
618 3231 717 3273 rerum,
742 3215 809 3265 sicut
832 3223 871 3264 est
893 3215 922 3262 in
940 3213 1104 3265 Onomastico

122 3279 243 3332 Pollucis.
281 3279 431 3333 Cuiusmodi
449 3284 657 3348 antiquissimum
676 3283 805 3347 specimen
824 3281 908 3332 sesto
927 3280 971 3342 (sl.
990 3278 1104 3347 Strsttis)

123 3347 1104 3483 tl·iltlsslbftiiiittstlttltttlhttttsettlttsllt:

121 3492 213 3533 runtur
230 3483 263 3533 sd
281 3483 402 3551 Apollon.
420 3485 468 3535 Rb.
487 3485 531 3546 tv,
549 3487 611 3540 989.
627 3486 713 3552 Etym.
732 3487 769 3537 Μ.
789 3503 814 3552 p.
832 3485 891 3538 330.
919 3483 958 3537 cf.
977 3483 1104 3537 Valcken.
