2694 4116
498 328 708 385 -105-

112 487 231 560 perferri
250 488 340 559 putuit
359 487 387 543 in
406 487 544 560 publicam
562 486 704 556 notitiam,
726 484 840 557 (quippe
864 486 987 556 privatus
1012 484 1095 540 labor

113 567 197 635 eret)
217 581 305 636 neque
325 565 394 620 alios
413 581 542 620 revocare
562 564 597 619 ab
611 563 691 618 simili
704 563 829 617 institute
844 569 872 618 et
886 580 972 632 opera
987 561 1090 618 scilicet

114 641 285 698 emendandi.
314 641 360 697 Sic
379 648 460 697 aucto
480 641 580 696 sensim
599 656 710 712 numero
731 639 863 707 codicum,
877 640 939 694 fona
957 639 1002 694 illc
1016 637 1091 694 Pisi·

113 724 244 786 strateus,
264 718 388 773 simodo
408 719 520 772 isunue
544 718 605 772 lons
630 717 696 785 luit,
723 717 751 770 in
770 716 862 786 plures
890 716 990 772 diversi
1015 715 1095 770 velut

113 794 223 865 saporis
241 795 343 850 rivulos
364 795 491 849 diductus
517 811 580 848 mox
605 793 770 862 impediebat
795 800 939 847 accuratae
966 791 1093 846 lectionis

114 872 246 928 eludium.
291 873 366 942 Ergo
391 873 414 926 si
439 869 632 940 intelligentior
658 870 768 942 aliquis,
795 876 823 923 et
848 870 893 940 qui
921 868 992 923 idem
1020 871 1096 922 esset

114 953 209 1020 poeta,
229 955 277 1003 aut
296 957 371 1004 certe
390 966 445 1002 non
463 948 568 1002 alienus
588 964 606 1001 a
625 947 734 1017 po'e'tica
756 947 901 1015 facultate,
930 945 992 1014 (nec
1019 944 1091 1014 quis·

116 1042 201 1096 quam
221 1025 306 1092 alius,
332 1025 404 1095 quod
432 1031 552 1090 constet,
589 1031 652 1078 ante
677 1023 890 1094 Aristophanem
914 1023 984 1094 Byr.
1009 1021 1091 1076 talem

117 1119 212 1157 curam
231 1102 373 1172 suscepit,)
394 1101 444 1156 sed
464 1101 487 1154 ei
508 1101 568 1170 quis
587 1100 741 1171 intelligens
762 1108 790 1155 et
809 1100 947 1154 studiosus
962 1098 1093 1168 antiquae

117 1178 280 1248 elegantiae,
301 1179 354 1232 sibi
374 1178 463 1231 suisve
483 1177 576 1232 amicis
596 1184 740 1246 paraturus
759 1193 860 1231 novum
887 1175 1024 1246 exemplar
1044 1172 1091 1243 ³⁷),

117 1256 246 1326 optimos,
267 1272 336 1325 quos
356 1254 455 1309 alicubi
475 1254 577 1308 servari
596 1254 725 1322 audisset,
747 1254 855 1308 codices
876 1257 1090 1322 comparaverat,

117 1348 250 1403 persaepe
270 1333 296 1384 in
316 1333 431 1385 maxima
452 1330 609 1384 difficultate
629 1330 780 1398 indicandi,
809 1329 875 1400 quid
898 1347 994 1388 ‚verum
1019 1333 1097 1382 esset

119 1416 148 1464 et
167 1408 321 1478 genuinum,
342 1409 445 1462 nullum
465 1407 572 1462 videtur
600 1407 728 1462 habuisse
753 1407 917 1478 praesidium
941 1405 1095 1476 promptius

120 1485 272 1554 meliusque
292 1485 400 1554 ingenio
421 1501 480 1538 suo.

80 1559 88 1567 ²
198 1559 312 1615 Penitus
332 1561 376 1615 hic
395 1561 475 1624 uobis
494 1559 616 1615 tollenda
636 1568 677 1616 est
698 1561 798 1632 opinio,
822 1577 875 1631 qua
889 1559 1005 1615 Criticoe
1020 1557 1096 1612 illius

120 1637 218 1692 aetatis
238 1638 274 1705 ad
300 1637 371 1693 hanc
395 1655 482 1692 norae
508 1639 574 1691 artis
599 1638 741 1692 formulam
765 1637 899 1708 fingimus.
938 1637 981 1692 Ne
1005 1636 1095 1706 ipsum

121 1715 231 1786 quidem
250 1713 438 1768 Aristarchum
459 1732 490 1769 ex
510 1713 561 1768 hac
581 1715 697 1769 formula
717 1714 890 1769 iudicandum
911 1730 979 1781 esse,
999 1711 1095 1783 paullo

120 1809 185 1845 mox
205 1791 406 1845 demonstrabo.
444 1791 577 1845 Nimirum
595 1793 711 1861 primum
731 1791 797 1844 artie
825 1791 976 1860 ingressum
995 1806 1095 1859 vagum

121 1869 150 1922 in
170 1867 263 1937 primis
284 1875 311 1921 et
330 1868 500 1922 temerarium
521 1867 604 1922 fuisse
624 1865 782 1938 reperimus,
798 1867 856 1920 sive
875 1867 1015 1920 materiem
1037 1864 1095 1919 eius

122 1945 150 1998 iu
166 1943 288 2013 'antiquis
309 1939 466 2006 διαφωνίαις
484 1945 682 2015 rhapsodorum
710 1949 738 1997 et
763 1942 900 2013 codicum,
927 1959 976 1996 seu
997 1940 1098 1996 Graeci

121 2021 224 2092 ingenii
238 2020 365 2088 indolem,
380 2039 428 2075 seu
442 2022 538 2074 horum
552 2031 704 2090 temporum
715 2019 905 2082 conditionem,
920 2036 968 2072 seu
979 2017 1098 2086 denique

123 2099 198 2167 ipsas
218 2097 347 2166 reliquias
368 2099 433 2152 artis
450 2106 612 2168 spectemus.
646 2097 685 2152 Ut
698 2101 932 2166 repraesentarent
946 2095 1096 2148 Homerum

123 2174 178 2228 lide
198 2172 305 2242 integra
324 2181 352 2244 et
373 2192 423 2228 suo
444 2175 548 2243 habitu,
569 2174 732 2230 laborabant
751 2173 843 2226 forsan
863 2171 995 2239 nonnulli,
1012 2187 1095 2241 quan·

124 2259 182 2305 tum
202 2258 344 2319 poterant3
365 2258 393 2305 at
413 2252 550 2306 debebant
570 2252 652 2306 etiam
671 2250 758 2320 magis
770 2249 903 2314 laborare,
918 2255 949 2303 ut
962 2263 1097 2317 nusquam

124 2327 299 2404 nonlsimilis
323 2328 364 2380 sui
389 2345 472 2398 seque
500 2329 596 2398 dignus
623 2331 780 2396 appareret,
813 2326 985 2380 detrahendis
1015 2339 1096 2392 saepe

125 2403 218 2456 multis
238 2406 369 2470 versibus,
391 2405 456 2457 alibi
477 2405 602 2459 addendo
623 2405 720 2469 nitore,
742 2403 788 2456 ubi
809 2403 881 2456 nitor
900 2401 989 2455 nullos
1015 2405 1097 2455 esset.

127 2480 360 2549 Quemadmodum
382 2481 464 2551 igitur
485 2481 565 2535 hodie
587 2480 695 2550 elegans
715 2479 797 2532 homo
818 2486 845 2533 et
864 2477 1026 2547 ingeniosus,
1049 2473 1097 2528 sed

127 2558 266 2610 abnormis
277 2553 401 2626 criticus,
412 2557 439 2610 in
454 2558 542 2626 prisco
557 2559 665 2626 podtico
681 2564 853 2610 monumento
867 2553 1100 2622 nostraelinguac

127 2642 289 2702 versaretur,
310 2634 384 2702 quod
404 2635 523 2687 lacerum
542 2633 613 2688 forte
633 2632 794 2702 reperisset,
817 2639 844 2684 et
864 2649 880 2684 a
900 2631 991 2684 multis
1014 2630 1098 2682 lecto-

127 2709 204 2763 ribus
230 2712 256 2764 in
277 2711 396 2780 margine
417 2710 558 2777 variatum,
578 2712 616 2764 ita
636 2711 719 2763 ferme
739 2709 840 2778 primos
862 2707 923 2760 illos
943 2705 1099 2760 emendato·

128 2803 172 2840 res
184 2787 212 2839 in
226 2787 392 2856 corrigendis
406 2793 434 2841 et
447 2787 639 2840 concinnandis
654 2785 762 2840 vatibus
778 2785 834 2839 saris
858 2801 970 2854 operam
985 2797 1099 2836 navasse

129 2863 274 2917 contendo.
314 2861 393 2917 Adeo
413 2865 494 2932 longe
515 2863 659 2917 abfuerunt
678 2862 717 2915 illi
737 2862 771 2914 ab
793 2862 846 2916 bac
859 2861 1012 2928 severitate,
1028 2874 1097 2928 quae

130 2947 218 3008 cavet,
239 2956 272 2994 ne
293 2939 358 3010 quid
379 2939 450 2993 aliud
473 2958 553 3010 quam
573 2940 689 3010 abipso
715 2945 826 2993 auctore
852 2937 941 3006 operis
969 2936 1100 3006 scriptum

130 3016 286 3070 inducatur:
317 3017 424 3070 tametsi
452 3033 486 3071 ne
515 3033 587 3071 nunc
616 3018 724 3086 quidem
753 3016 828 3069 illum
858 3013 1000 3084 scopulum
1031 3011 1099 3066 satis

201 3213 234 3280 ³⁷)
249 3206 333 3268 Ἰδίως
348 3207 546 3278 γεγραμμένον,
565 3209 581 3261 i.
601 3227 622 3260 e.
638 3209 738 3274 privato
750 3207 835 3260 studio
847 3205 1013 3271 descriptum,
1025 3203 1102 3272 quale

132 3283 260 3348 exemplar
276 3282 406 3345 utriusque
424 3277 550 3330 Carminis
568 3278 710 3329 Cassander
728 3277 833 3328 Macedo
851 3276 941 3327 fecisse
964 3277 1041 3325 lemur
1057 3289 1100 3338 ap.

132 3351 228 3402 Athen.
246 3347 313 3398 xlv.
333 3365 358 3413 p.
376 3349 434 3401 620.
453 3345 482 3396 B.
518 3347 556 3397 Do
573 3348 620 3397 hac
636 3347 706 3412 regia
724 3363 783 3396 curu
800 3354 883 3396 tamen
901 3360 951 3393 non
975 3342 1101 3391 dissentio

133 3438 149 3470 a
166 3418 264 3470 Fabric.
283 3414 348 3466 Bibl.
367 3416 410 3466 Gr.
428 3431 453 3480 p.
472 3415 531 3468 361.
566 3417 622 3465 Non
638 3412 758 3481 γράφειν
777 3413 880 3463 dixisset
896 3410 1056 3469 Athenaeus,
1068 3424 1103 3458 ex

134 3505 202 3538 more
226 3483 452 3536 Grammaticorum
476 3483 645 3545 Graecorum,
669 3484 715 3534 sed
739 3479 881 3549 διορθοῦν,
906 3481 929 3530 ei
956 3476 1102 3529 emendatio

135 3553 296 3608 accessisset.
