2702 4124
651 969 755 1044 VIII.

295 1123 355 1178 Iam
375 1123 490 1194 primum
512 1125 609 1180 subeat
629 1125 728 1194 mirari,
749 1142 805 1195 our,
826 1141 908 1195 quum
928 1129 984 1178 tem
1003 1139 1065 1177 raro
1085 1122 1113 1176 in
1131 1121 1190 1174 Ho-

217 1216 291 1255 mero
312 1201 439 1272 graviora
459 1201 527 1256 vitia
547 1202 697 1270 offendant,
725 1208 829 1256 tantum
849 1208 939 1256 tamen
960 1216 1059 1268 operae
1078 1199 1105 1252 in
1130 1214 1191 1252 eor·

218 1276 337 1332 rectione
358 1277 415 1332 eius
436 1278 591 1346 ponendum
612 1285 738 1333 statuam.
772 1277 953 1348 Apollonium
967 1275 1106 1329 Rhodium
1126 1290 1190 1328 oon-

217 1353 308 1422 tende,
330 1353 467 1423 quomodo
490 1361 553 1410 anto
572 1355 740 1409 Brunckium
760 1355 910 1426 legebatur,
931 1354 976 1408 vel
990 1352 1084 1422 Quinti
1098 1350 1191 1422 Smyr-

217 1429 278 1484 naei
300 1429 381 1484 etiam
401 1447 473 1484 nuno
492 1431 698 1486 mendosissime
719 1430 896 1502 exemplaria3
924 1446 988 1484 sane
1007 1446 1062 1483 non
1089 1427 1191 1497 poterit

219 1514 260 1561 tot
287 1505 401 1560 saeculis
429 1507 566 1577 antiquior
591 1514 669 1562 vates
696 1526 750 1563 non
778 1516 806 1563 et
832 1507 1019 1577 integerrimus
1045 1504 1131 1559 videri
1162 1509 1192 1558 et

219 1582 460 1637 emendatissimus.
498 1583 538 1638 At
558 1585 666 1653 qualem
685 1585 820 1654 integrum
840 1584 938 1638 librum
960 1583 1073 1636 dicimus
1093 1581 1190 1636 uritioo

219 1659 329 1729 quidem
349 1658 451 1713 sensu?
481 1660 563 1713 Haud
585 1679 644 1714 eum
664 1662 799 1730 profecto,
821 1661 867 1730 qui
888 1661 991 1728 absque
1013 1659 1116 1712 offensa
1135 1656 1192 1726 legi

218 1737 321 1806 possit,
349 1744 378 1791 et
396 1735 425 1788 in
445 1754 499 1806 quo
521 1736 588 1791 nihil
608 1738 643 1791 sit
663 1738 780 1808 eleganti
801 1736 990 1791 consuetudini
1011 1734 1142 1789 sermonis
1162 1740 1192 1786 et

219 1812 331 1883 reliquis
352 1819 426 1866 reete
447 1813 583 1867 scribendi
603 1814 711 1884 legibus
725 1813 897 1868 eontrarium.
925 1813 965 1868 Ut
977 1810 1044 1865 nihil
1058 1808 1191 1866 eiusmodi

219 1889 255 1943 sit
275 1889 302 1942 in
321 1890 434 1959 vulgato
454 1896 541 1958 textu,
562 1907 615 1944 non
636 1891 834 1960 continuopro
856 1906 923 1959 puro
944 1896 972 1943 et
986 1889 1128 1942 emendato
1141 1887 1190 1940 ha·

220 1965 324 2020 bendus
350 1967 414 2033 orit3
440 1966 521 2020 immo
547 1984 738 2036 nonnunquam
764 1966 799 2021 ob
826 1966 854 2020 id
879 1965 982 2034 ipsum,
1009 1966 1031 2018 si
1059 1963 1191 2018 eiusmodi

207 2042 286 2096 nihil
307 2042 378 2109 insit,
400 2047 476 2096 tanto
497 2044 583 2113 magis
603 2061 732 2114 germana
745 2043 900 2112 integritate
913 2059 963 2097 sua
976 2040 1117 2096 fraudatus
1132 2057 1191 2095 esse

220 2119 355 2172 videatur.
387 2118 449 2172 Non
472 2118 566 2173 dubito
587 2119 654 2189 fore,
676 2119 722 2189 qui
743 2119 796 2173 hoo
817 2118 986 2172 subabsurde
1007 2118 1064 2171 diui
1082 2118 1192 2187 opinen-

220 2203 272 2248 tur.
318 2193 371 2248 Sed
393 2194 415 2248 si
435 2200 538 2249 textum
564 2197 724 2265 seriptorum
753 2203 874 2249 veterum
903 2212 985 2264 supra
1009 2200 1083 2248 route
1110 2195 1192 2248 retuli

221 2270 256 2324 ad
274 2273 416 2340 suetorum
440 2271 628 2324 historicorum
654 2271 864 2342 spectationem,
890 2273 915 2325 iu
944 2289 975 2326 eo
1001 2269 1191 2326 constituendo

221 2348 320 2401 nullam
343 2347 459 2416 speciem
479 2348 681 2418 probabilitatis
700 2365 828 2402 exsensu
843 2347 993 2418 elegantiae
1008 2348 1125 2416 ductam,
1148 2363 1193 2402 ve-

221 2443 279 2478 rum
300 2424 388 2493 proba
412 2430 439 2480 et
463 2425 529 2478 satis
556 2424 666 2494 antiqua
693 2425 860 2494 exemplaria
885 2425 1064 2495 principatum
1091 2424 1193 2478 habere

221 2517 332 2555 neeesse
353 2507 402 2554 est.
442 2501 537 2571 Longe
558 2509 647 2555 autem
668 2501 742 2556 aliud
762 2507 819 2568 est,
848 2502 874 2554 in
896 2502 1060 2570 optimorum
1084 2501 1194 2555 testium

221 2577 275 2632 fide
296 2578 444 2647 spectanda
464 2579 540 2648 leges
564 2578 694 2633 historiae
719 2578 884 2645 coniungere
910 2595 971 2631 eum
997 2594 1048 2631 usu
1076 2577 1194 2647 linguae,

223 2671 284 2708 cum
304 2672 393 2708 rerum
414 2654 538 2709 doctrina
557 2661 639 2724 atque
659 2673 739 2708 sensu
758 2654 878 2723 pulchri,
899 2654 984 2722 aliud,
1006 2654 1060 2707 hoo
1074 2654 1194 2708 volatico

223 2747 303 2784 sensu
322 2736 451 2800 tanquam
466 2733 576 2786 ventulo
593 2733 708 2800 impelli,
731 2737 770 2798 ut,
792 2747 970 2801 quaecunque
983 2731 1065 2785 lectio
1080 2735 1197 2785 venusta

224 2814 251 2861 et
271 2807 414 2861 commoda
434 2807 586 2873 obiiciatur,
609 2808 720 2862 eandem
741 2823 832 2861 veram
854 2812 882 2861 et
895 2824 1050 2877 germanam
1065 2823 1125 2862 esse
1139 2823 1196 2860 ore-

224 2883 327 2937 damus.
368 2882 455 2954 Saepe
476 2885 545 2938 enim
568 2885 704 2938 severiore
724 2883 839 2952 iudicio,
861 2883 934 2953 quod
956 2901 971 2936 a
991 2884 1196 2937 veterrimorum

189 2963 192 2970 '
224 2961 416 3014 auctoritatum
437 2961 583 3015 collatione
605 2960 757 3014 ducendum
779 2965 829 3026 est,
851 2962 930 3030 plane
947 2959 1071 3028 efficitur,
1092 2977 1124 3014 ea
1139 2976 1198 3014 om-

223 3054 272 3091 nes
296 3053 423 3090 numeros
448 3039 571 3092 ver-itatis
597 3036 712 3106 habere,
741 3037 769 3089 in
796 3037 895 3105 quibus
920 3039 1050 3090 maximae
1077 3037 1197 3090 offensae

224 3113 286 3181 sint,
308 3111 361 3167 alia
380 3120 469 3166 autern
489 3113 609 3168 incertae
632 3120 679 3167 aut
698 3113 799 3167 nullius
813 3112 876 3167 fidei
891 3130 959 3181 esse,
982 3130 1051 3183 quae
1065 3130 1198 3184 perquam

223 3189 361 3260 probabili
382 3195 409 3242 et
429 3189 529 3244 festivo
552 3207 632 3245 sensu
652 3190 765 3244 niteant.

302 3264 375 3335 Quid
395 3283 470 3335 vero,
491 3267 513 3320 si
534 3285 568 3321 ne
587 3267 675 3320 nitent
695 3266 804 3336 quidem
824 3266 953 3336 vulgata,
974 3283 1044 3337 quae
1063 3265 1199 3336 antiquio·

224 3361 283 3396 rum
303 3343 434 3396 librorum
454 3344 597 3398 consensui
622 3340 820 3397 adversantur?
855 3341 911 3397 Sed
936 3344 1000 3399 nolo
1024 3343 1115 3398 statim
1141 3342 1199 3397 eius

189 3435 192 3444 ·
225 3419 331 3490 generis
358 3420 480 3489 exempla
504 3421 645 3491 proferre,
672 3419 762 3489 qualia
787 3418 842 3474 iarn
869 3418 933 3473 olim
958 3420 1106 3489 quaedam,
1133 3419 1200 3473 satis

225 3495 355 3566 gravibus
376 3496 410 3550 de
424 3497 521 3566 causis,
536 3503 614 3552 textu
627 3497 706 3550 eieci:
728 3502 758 3549 ut
770 3496 803 3549 Il.
822 3499 852 3565 β.
870 3500 935 3552 451.
949 3501 1074 3566 ἑκάστου,
1092 3519 1118 3570 η.
1134 3495 1200 3552 337.

228 3577 257 3627 ἐν
277 3575 369 3645 πεδίῳ,
387 3577 417 3628 29.
437 3578 500 3630 563.
516 3573 606 3644 (559.)
626 3577 717 3642 σέλας,
735 3594 759 3628 κ.
779 3577 843 3630 328.
864 3576 945 3644 βάλε,
963 3595 992 3641 μ.
1006 3577 1072 3630 343.
1092 3575 1200 3648 Αἴαντε,
