2702 4124
647 263 838 316 ...48-

276 425 348 480 forte
368 424 425 479 tale
444 440 499 478 non
517 421 601 477 fuerit
620 422 687 477 iliud
706 422 829 492 Homeri,
850 423 968 478 libenter
988 421 1130 478 audiemus
1155 440 1219 494 eos,
1242 443 1264 482 a
1339 475 1340 480 ,

277 501 376 571 quibus
396 500 557 555 remittimur
577 499 613 553 ad
633 500 701 553 alios
720 503 826 570 poetas,
849 517 918 571 quos
932 517 1016 569 quum
1029 499 1135 570 liqueat
1148 501 1262 556 tritissi-

278 595 351 631 mam
370 578 498 632 habuisse
519 583 604 630 artem
624 577 769 644 scribendi,
791 593 884 631 eorum
905 577 997 646 plures
1018 582 1108 630 tamen
1122 594 1262 648 nusquam

275 654 350 708 illius
371 654 535 709 mentionem
560 653 649 707 iacere
675 653 806 708 videmus.
846 654 1009 723 Quanquam
1035 653 1118 722 paulo
1148 653 1262 708 diversa

278 730 398 784 conditio
420 731 527 785 videtur
548 747 607 783 esse
627 729 724 784 horum
739 736 766 784 ot
778 730 979 784 Hesiodeorum
994 728 1158 785 Garminnm.
1185 729 1261 786 Nam

277 824 359 876 quum
381 808 408 861 in
427 811 504 861 tanta
525 805 694 875 longitudine
714 806 822 860 illorum
843 812 886 861 tot
906 805 1132 860 consuetudinum
1159 813 1188 860 et
1214 824 1261 862 es-

274 882 389 937 lebrium
410 883 508 938 artium
529 883 653 952 picturae
672 881 793 937 intextae
813 883 875 951 sint,
895 884 924 936 in
942 882 1036 951 primis
1054 899 1162 950 earum,
1185 899 1261 952 quae

274 959 323 1012 illo
351 967 473 1030 tempore
500 959 618 1028 aliquam
640 958 878 1014 admirabilitatem
905 976 938 1013 ex
963 958 1085 1013 novitate
1112 957 1260 1028 haberent,

274 1034 302 1089 in
316 1035 470 1104 vHesiodeis
496 1043 586 1088 autem
616 1052 716 1104 magna
740 1052 804 1105 pars
831 1036 997 1091 domesticae
1024 1033 1182 1104 disciplinae
1202 1041 1260 1090 tra-

275 1110 363 1181 datur,
384 1113 442 1165 iure
462 1112 615 1181 meritoque
640 1112 748 1178 mirere,
769 1113 793 1165 si
812 1121 907 1167 neuter
927 1110 1086 1165 utilissimae
1105 1111 1145 1165 rei
1163 1113 1260 1166 memi-

272 1189 351 1242 nerit.
379 1189 475 1256 Neque
497 1204 562 1242 vero
585 1187 655 1242 satis
675 1188 784 1242 firmum
798 1205 847 1258 per
860 1205 889 1243 se
903 1196 976 1243 esset
989 1188 1043 1240 hoo
1056 1194 1258 1258 argumentum,

275 1273 323 1320 aut
346 1265 465 1335 dignum,
488 1265 516 1317 in
537 1281 592 1334 quo
613 1271 755 1335 tantopere
775 1281 804 1318 se
823 1265 957 1320 lactarent
978 1263 1028 1317 viri
1049 1263 1130 1318 docti.
1172 1264 1260 1334 Quod

274 1343 345 1395 enim
371 1341 410 1394 ita
438 1356 467 1394 se
497 1341 606 1394 credere
633 1341 753 1396 fatentur
777 1342 879 1395 nuliam
909 1349 995 1395 artem
1020 1340 1141 1394 Homero
1171 1340 1259 1397 fuisse
1339 1369 1340 1376 ι

274 1417 428 1487 cognitam,
457 1434 527 1487 quse
553 1417 626 1486 apud
652 1434 713 1472 eum
733 1435 788 1471 non
814 1418 980 1486 inveniatur,
1006 1416 1160 1470 retunditur
1186 1416 1259 1472 haec

271 1495 342 1548 ratio
364 1494 498 1563 exemplis
521 1494 654 1546 variarum
675 1495 783 1562 artium,
805 1512 873 1565 quas
892 1495 967 1548 nulio
988 1495 1049 1547 loco
1063 1492 1167 1560 laudat,
1189 1511 1257 1564 qua·

272 1588 332 1624 rum
351 1577 441 1624 tamen
466 1569 528 1624 talis
549 1579 646 1623 natura
665 1576 723 1640 est,
749 1577 780 1624 ut
807 1572 890 1640 allae,
918 1587 986 1640 quas
1012 1585 1093 1640 saepe
1121 1568 1256 1640 celebrat,

275 1646 332 1702 sine
352 1645 405 1701 iilis
426 1645 554 1701 exsistere
576 1653 603 1700 et
624 1646 769 1701 cohaerere
789 1665 843 1700 non
865 1650 1026 1718 potuissent.

352 1722 502 1794 Pergamus
523 1723 557 1776 ad
578 1723 662 1790 aliud,
683 1723 758 1794 quod
778 1723 863 1794 magis
885 1723 1006 1777 continet
1020 1738 1137 1776 causam.
1163 1723 1255 1778 Dubi-

271 1806 358 1856 tatum
379 1807 420 1855 est
443 1799 506 1853 olim
516 1798 561 1870 ⁴⁰),
584 1816 618 1853 an
640 1817 717 1854 usum
738 1799 868 1853 elixarum
884 1800 1003 1853 earnium
1017 1799 1090 1853 norit
1103 1799 1255 1855 Homerus.

269 1877 332 1934 Non
352 1878 422 1932 enim
441 1876 527 1930 babet
546 1877 661 1932 verbum
683 1879 771 1947 ἕψειν,
792 1894 846 1930 non
867 1876 940 1930 aliud
954 1875 1098 1946 potestatis
1113 1875 1255 1946 eiusdem3

269 1954 374 2008 nonnisi
395 1971 457 2008 assa
476 1954 589 2022 apponit
609 1954 716 2008 mensis.
758 1953 797 2007 At
826 1970 890 2007 vero
917 1955 963 2022 qui
990 1953 1038 2006 illa
1065 1952 1097 2004 11.
1126 1974 1157 2024 φ.
1185 1958 1254 2009 362.

270 2030 371 2101 Odyss.
396 2053 425 2098 μ.
453 2028 518 2085 237.
546 2030 645 2084 cecinit
671 2037 698 2084 et
724 2030 822 2084 similia
849 2030 883 2083 de
903 2028 1039 2084 lebetibus
1064 2026 1121 2098 igni
1145 2029 1252 2098 imponi
1338 2085 1339 2096 ,

270 2107 366 2170 solitis,
387 2123 451 2160 num
470 2105 494 2158 is
515 2105 701 2174 coquinarium
721 2123 778 2160 rem
796 2107 904 2176 penitus
918 2106 1043 2176 ignorare
1057 2103 1170 2174 potuit?
1190 2104 1253 2161 Nec

268 2183 306 2250 id,
327 2183 432 2252 opinor,
453 2180 618 2235 dubitabant
638 2189 753 2251 veteres,
775 2184 821 2252 qui
841 2183 916 2236 illam
944 2182 1131 2252 quaestionem
1157 2198 1252 2236 move-

267 2259 343 2314 bant.
382 2257 515 2328 Pingendi
536 2263 630 2326 artem,
651 2276 722 2329 quae
743 2276 775 2313 eo
797 2260 904 2312 nomine
926 2259 1009 2328 digna
1034 2258 1084 2326 sit,
1111 2257 1251 2314 Homerus
1336 2313 1337 2316 ,

267 2335 369 2389 nullam
390 2332 529 2403 novit⁴¹)3
550 2335 656 2389 textilia
676 2343 703 2390 et
723 2341 901 2405 cognatarum
923 2337 1022 2388 artium
1043 2349 1127 2405 opera
1147 2351 1250 2390 memo-

267 2419 311 2466 rat
331 2413 428 2478 multa,
453 2411 588 2482 picturam
607 2413 719 2466 nullam.
761 2413 832 2466 Nam
853 2412 914 2483 quis
933 2428 1032 2465 nomen
1052 2410 1105 2463 hoe
1125 2410 1251 2481 imponat

268 2489 394 2543 rubricae
414 2488 523 2541 navium
543 2492 590 2539 aut
616 2490 760 2558 pigmentis
781 2487 893 2542 Curious
920 2485 1096 2556 mulierisss),
1122 2488 1249 2556 quamvis

267 2583 316 2636 per
337 2566 383 2618 illa
404 2566 474 2618 veris
501 2564 614 2633 picturis
640 2566 780 2634 prolusum
808 2564 864 2618 siti
895 2565 992 2634 Neque
1018 2562 1130 2618 militiae
1157 2580 1248 2633 neque

268 2642 340 2694 domi
361 2641 488 2696 usitatam
508 2639 639 2695 heroibus
658 2642 741 2695 fnisse
772 2643 984 2711 equitationem,
1010 2646 1128 2709 utraque
1153 2640 1248 2710 po'e'sis

267 2719 339 2771 clare
365 2717 498 2787 quuitur:
532 2732 594 2771 nam
621 2716 781 2788 negligenda
808 2718 887 2771 nobis
914 2724 955 2771 est
986 2716 1136 2771 auctoritas
1166 2717 1247 2772 unius

267 2794 406 2848 cuiusdam
425 2794 479 2848 loci
499 2794 530 2847 II.
551 2805 575 2839 κ·
597 2799 662 2851 513.
685 2811 746 2864 sqq.
766 2795 891 2864 pluribus
912 2793 946 2847 de
968 2794 1070 2847 causis:
1097 2792 1145 2847 sed
1170 2792 1247 2847 inau-

320 2992 368 3100 3⁴⁰)
389 2991 533 3056 Vestigium
551 2997 668 3055 superest
685 3006 725 3055 ap.
744 2987 838 3039 Athen.
860 2987 881 3038 I.
900 3003 927 3052 p·
946 2987 988 3040 25.
1008 2985 1039 3036 Ι).
1061 2984 1107 3052 [cf.
1126 2984 1248 3037 Eustath.

266 3058 421 3207 1483&ss
438 3150 508 3194 recte
525 3143 594 3192 Plin.
613 3141 719 3202 XXXV,
738 3142 761 3195 3.
780 3149 842 3192 extr.
874 3140 922 3190 cni
941 3139 998 3189 loeo
1017 3155 1066 3189 non
1085 3137 1245 3199 adversatur,

264 3220 293 3264 ut
311 3212 413 3278 quidam
433 3219 529 3278 putant,
548 3210 612 3260 alius
631 3211 743 3261 eiusdem
761 3209 857 3274 operis,
876 3206 997 3268 XXXIII,
1016 3210 1049 3267 7.,
1070 3206 1117 3257 etsi
1135 3208 1245 3257 fortasse

264 3276 295 3331 ex
313 3283 410 3330 diverso
429 3279 549 3344 scriptore
569 3279 668 3344 petitus.
705 3277 845 3329 Confirmat
864 3293 916 3326 rem
935 3275 1040 3326 historia
1063 3276 1156 3325 artium
1174 3274 1243 3341 apud

264 3349 385 3408 Graecos,
403 3349 434 3398 ad
455 3347 524 3397 euius
543 3348 676 3413 scriptores
696 3348 860 3397 amandemus
879 3345 1007 3396 lectorem.

332 3433 364 3501 ⁴²)
383 3434 412 3485 II.
423 3432 446 3484 ὃ.
460 3435 514 3486 141.
525 3450 579 3499 sqq.
598 3426 672 3499 Νῆις
682 3429 815 3494 μέλαιναι,
825 3427 1021 3497 μιλτοπάρῃαι,
1032 3425 1245 3496 φοινικοπάρῃαι
1319 3483 1324 3498 ¹

262 3501 411 3554 notissimae
429 3510 489 3553 sunt
506 3519 537 3551 ex
554 3501 642 3552 multis
662 3503 787 3552 versibus.
