2702 4124
626 326 817 381 ..24..

233 504 303 561 nihil
321 503 348 558 in
368 503 411 558 his
430 501 549 571 litteris,
576 502 650 573 qnod
678 508 773 558 contre
794 518 963 558 communem
984 503 1139 575 opinionem
1157 504 1207 573 eit,

235 579 466 652 expavescendum
487 585 554 649 puto
575 596 634 634 esse
650 579 709 634 veri
727 578 866 647 studioso,
885 585 922 647 et,
943 579 991 635 uhi
1004 579 1119 634 historie
1131 589 1208 636 tecet

234 657 281 712 vel
299 657 439 725 mussitet,
458 656 588 710 facillime
608 656 707 726 cuique
727 655 876 727 petendum
897 657 1019 711 revinci
1039 657 1073 712 eb
1095 658 1137 726 iie,
1158 658 1208 728 qui

235 733 378 789 obscurem
404 734 503 788 semem
530 739 558 787 et
582 733 686 787 incerte
705 749 795 787 rerum
820 730 982 787 trediterum
1003 733 1118 805 vestigio
1145 750 1208 788 ver·

235 811 338 865 sutiore
370 810 493 865 eeumine
519 809 691 879 interpretari
722 809 817 863 scient.
875 808 907 864 In
937 809 990 864 hec
1020 810 1089 865 enim
1118 810 1209 880 prime

236 893 335 956 eetete,
355 887 383 941 in
403 903 457 956 que
475 885 615 940 Homerici
634 890 724 940 textus
739 885 856 956 origines
876 886 1045 956 quaerendae
1065 893 1137 955 suut,
1158 887 1208 940 vix

235 970 316 1018 tenue
335 964 426 1035 lurssn
445 962 591 1032 hebemus,
617 979 672 1032 quo
699 969 790 1016 temen
815 967 863 1016 eut
891 963 978 1032 perite
997 963 1135 1030 utendum,
1155 968 1209 1018 eut

235 1040 366 1111 plereque
385 1039 513 1094 insecutis
532 1039 700 1109 temporibus
729 1038 804 1093 lecte
823 1032 964 1110 perpore'm
992 1039 1138 1095 existimari
1157 1057 1206 1095 ne-

237 1132 314 1171 oeese
334 1122 384 1172 est.

677 1308 764 1385 XII.

315 1467 408 1538 Ipsum
438 1466 587 1538 ingressum
620 1467 739 1523 obstruit
768 1466 848 1523 nobis
878 1466 1020 1538 preposite
1048 1483 1134 1537 nuper
1162 1467 1212 1522 vel

237 1545 328 1614 potius
348 1549 479 1598 renovate
497 1543 657 1614 gravissime
683 1546 808 1614 quaestio
840 1544 874 1600 de
905 1545 999 1614 primis
1029 1543 1112 1608 initiis
1141 1544 1209 1600 scri·

237 1620 320 1675 beudi
339 1619 412 1690 opud
426 1618 556 1674 Graecos.
596 1620 650 1675 Sed
670 1621 741 1676 hano
764 1621 876 1692 quidem
896 1627 927 1675 ut
942 1624 1045 1675 minore
1059 1619 1208 1676 offensione

238 1703 358 1768 repetem
379 1703 415 1764 et,
436 1696 458 1750 ei
476 1705 583 1767 potero,
603 1697 759 1768 profligem,
789 1699 816 1751 in
849 1697 943 1768 primis
963 1692 1106 1768 W'oodiil)
1133 1696 1211 1768 inge·

307 1921 327 1988 8)
345 1923 375 1972 ln
393 1920 588 1972 celebratissimo
606 1919 685 1971 libro:
704 1919 748 1970 Ars
767 1917 850 1985 Escae
876 1935 909 1969 oo
926 1918 965 1970 tlrc
982 1918 1095 1985 oriqimol
1114 1919 1215 1972 cemos

239 1989 270 2052 of
281 1989 385 2052 Homer,
402 2006 453 2042 seo.
472 1990 531 2041 edit.
553 1991 627 2044 1775.
639 1988 720 2054 capite
737 2004 776 2052 eo,
796 1989 864 2054 quod
881 1997 920 2040 est
939 1989 969 2038 de
987 1990 1098 2040 cretione
1112 1999 1137 2040 et
1150 1989 1213 2058 doc-

239 2058 305 2110 trine
322 2061 420 2124 politae.
455 2059 506 2120 Ibi,
528 2065 556 2109 ut
577 2058 604 2108 in
626 2065 678 2107 toto
696 2057 777 2116 libro,
799 2059 873 2123 plure
896 2065 957 2108 sunt
979 2057 1041 2108 ecite
1065 2068 1089 2110 et
1112 2059 1214 2124 egregie

239 2127 428 2188 enimedverse,
452 2128 502 2178 nisi
520 2125 588 2193 qnod
612 2126 739 2176 subtilitas
756 2127 808 2177 lere
833 2127 902 2178 deest
909 2163 917 2189 ,
940 2127 996 2178 eine
1018 2144 1068 2192 que
1091 2126 1215 2179 historice

239 2195 378 2260 disputatio
396 2195 541 2261 pertundet,
562 2210 613 2245 non
630 2194 707 2244 fidem
723 2193 789 2248 lecit.
824 2197 904 2262 Igitur
926 2196 992 2248 illud
1014 2203 1091 2265 ceput
1108 2198 1214 2263 potissi·

239 2279 309 2314 mum
326 2279 407 2330 nuper
423 2280 439 2313 e
456 2264 572 2330 pluribus
589 2262 647 2313 viris
667 2262 746 2314 doctis
763 2265 911 2331 reprehendi
929 2275 955 2318 et
971 2265 1099 2332 vulgarem
1111 2267 1214 2333 opinio-

239 2347 297 2382 nem
316 2332 427 2383 ediuveri
444 2332 562 2393 vidimus,
580 2330 703 2398 singuleri
727 2333 812 2383 studio
831 2349 847 2383 e
865 2335 1049 2402 Wiedeburgix
1067 2334 1214 2388 Humanist.

240 2399 339 2465 Meges.
359 2401 388 2452 Τ.
405 2401 425 2454 Ι.
442 2418 468 2467 p.
487 2403 545 2454 143.
564 2405 620 2467 sqq.
642 2410 668 2450 et
690 2400 808 2452 Herlesio
831 2400 896 2454 Bibl.
915 2403 958 2454 Gr.
977 2403 1077 2456 Febrio.
1101 2402 1131 2456 Τ.
1148 2402 1167 2453 l.
1185 2420 1214 2469 p.

239 2467 298 2522 353.
326 2467 438 2530 Quorum
455 2469 546 2520 iudicio
564 2486 615 2520 non
633 2469 793 2535 preetulerim
812 2470 1053 2530 eorumleritetem,
1077 2473 1120 2539 qui
1137 2471 1214 2538 inge-

164 2577 167 2584 ,
240 2536 307 2586 niosi
318 2539 398 2604 Angli
415 2539 574 2598 sententiam,
592 2553 646 2595 seu.
664 2549 693 2589 ut
709 2541 765 2606 ipse
783 2538 853 2600 dicit,
873 2540 1046 2590 coniectorem
1065 2539 1214 2607 simpliciter

240 2605 335 2724 illl?
336 2617 445 2726 ‘lul
443 2624 460 2706 -⁰
461 2606 470 2656 ¹
476 2607 526 2724 0³02
534 2606 1131 2728 {etthttttlttttttt‘tlbt’tt
1134 2623 1215 2725 qil?

239 2755 309 2806 yreee
326 2745 356 2808 of
369 2741 512 2809 alphabetio
523 2692 631 2808 {ourinq
647 2760 673 2809 p.
686 2747 727 2799 99.
757 2744 907 2808 Querquem
926 2744 971 2809 hio
984 2693 1065 2796 erytem
1083 2745 1216 2796 scribendi

241 2818 339 2860 tentum
357 2811 461 2863 heroum
478 2811 668 2862 Homericorum
683 2812 797 2874 soeculo,
820 2813 999 2865 non-Homero
1016 2824 1129 2882 ereptum
1147 2816 1216 2874 ibam

240 2876 287 2927 ille
305 2894 360 2929 eem
378 2881 479 2932 tandem
497 2881 553 2931 circ.
570 2882 629 2936 554.
647 2899 670 2931 e.
689 2880 747 2931 Chr.
765 2881 934 2947 rulgetiorem
949 2885 1042 2934 fectum
1063 2900 1119 2935 esse
1137 2891 1213 2950 pute-

240 2946 293 2998 bet.
327 2948 408 3000 Docte
426 2958 512 3000 eutem
529 2957 604 3015 etque
628 2949 757 3014 elegenter
774 2950 875 3000 Woodii
901 2961 1050 3017 argumente
1067 2953 1215 3018 percensuit

241 3029 273 3064 eo
290 3030 353 3068 noro
372 3017 484 3068 e'eumine
501 3016 614 3076 defendit
630 3018 799 3084 philosophus
817 3017 947 3083 litterator,
965 3019 1101 3082 Morienue,
1113 3023 1140 3070 in
1152 3019 1213 3070 Dis·

241 3085 376 3136 sertetione
394 3085 500 3137 Gallicis
518 3089 619 3152 scriptis
631 3085 784 3137 Academiae
802 3085 970 3144 Burdiuensis
993 3089 1127 3154 praeterito
1146 3103 1214 3139 enno

244 3149 402 3222 [1788-89]
416 3157 520 3213 inserte,
534 3171 599 3219 quee
610 3154 680 3216 mihi,
696 3154 762 3204 beno
770 3153 901 3221 plagulam
911 3156 944 3206 ed
954 3158 1138 3222 typogrephum
1149 3159 1214 3208 mis-

242 3234 310 3280 suro,
326 3223 455 3273 commode
471 3222 502 3271 eb
513 3223 595 3273 emico
607 3223 717 3273 offertur.
740 3221 779 3272 Ee
792 3227 885 3289 reptim
900 3224 966 3274 lecte
974 3234 1162 3290 peropportune
1170 3239 1213 3275 me

242 3287 357 3354 impulit,
375 3301 402 3340 ut
417 3292 527 3341 rationes
546 3307 614 3341 mees
629 3290 712 3356 magis
729 3290 824 3341 adstrin
846 3308 912 3342 erem
925 3301 949 3343 et
961 3292 986 3342 in
998 3295 1073 3343 breve
1086 3308 1214 3359 cogerem,

241 3354 366 3424 pluraque
383 3361 485 3425 penitus
503 3357 626 3421 delerem,
648 3375 713 3424 quee
730 3359 756 3408 in
774 3309 880 3410 eandem
898 3364 1050 3411 sententium
1069 3360 1214 3424 disputave-

242 3438 305 3476 rem.
335 3427 446 3478 llruditis
463 3425 530 3478 enim
547 3427 609 3477 heeo
626 3427 778 3487 scribuntur,
797 3429 840 3493 qui
858 3437 884 3479 et
900 3427 973 3478 illum
990 3428 1084 3496 legent,
1102 3437 1128 3479 st
1144 3427 1215 3495 epud

243 3508 307 3610 3⁵9⁸
329 3495 436 3561 singulis
459 3497 590 3547 momentis
613 3494 798 3561 amplificandis
828 3512 879 3546 non
901 3497 1008 3547 multum
1031 3497 1162 3563 proficitur
1186 3497 1214 3546 in

280 3577 341 3615 ire.
