2702 4124
639 290 830 346 ...76-

335 449 434 506 Gravis
453 450 499 506 hic
517 451 544 504 in
564 452 656 520 primis
676 451 771 510 haberi
792 452 874 508 debet
892 455 1041 508 auctoritas
1054 450 1232 524 Cyclicorum

256 531 397 597 petitarum
421 528 602 598 aliorumque,
633 530 680 598 qui
704 529 824 584 Homero
850 535 941 584 aetate
966 531 1082 600 proximi
1108 530 1232 585 fuerunt.

255 604 350 660 Pauca
370 612 441 673 sunt,
463 621 532 674 quae
553 605 588 659 de
607 605 661 659 illis
682 604 858 676 constentlff),
880 608 932 661 etsi
952 623 999 661 eos
1019 624 1143 677 magnam
1164 625 1230 676 par·

238 687 310 734 ‘tem
335 680 424 736 adhuc
444 681 557 736 Ncurius
582 698 644 734 cum
668 683 728 736 aliis
753 683 923 752 antiquitatis
948 683 1077 737 studiosis
1101 685 1235 754 gnaviter

256 759 393 812 tractavit.
433 758 465 811 Iu
485 757 540 810 illis
559 759 663 827 paucis,
684 775 755 828 quae
775 760 883 827 scimus,
903 758 955 813 hoc
976 766 1018 814 est
1036 760 1152 814 maxime
1171 777 1228 814 me-

257 833 395 902 morabile‚
417 834 490 905 quod
505 831 608 905 cyclici
628 852 719 889 omues
739 834 806 888 haec
818 835 965 892 Homerica
984 836 1099 891 artificia
1111 836 1157 891 vel
1170 853 1227 890 nou

256 910 519 978 animadverterunt,
544 911 590 964 vel
617 911 653 966 ab
673 913 833 982 aequalibus
853 912 1041 967 animadversa
1059 913 1159 966 imitari
1178 920 1231 968 aut

255 988 402 1042 noluerunt
421 993 470 1042 aut
489 1003 544 1040 non
563 994 719 1056 potueruut.
752 988 859 1042 Etenim
876 988 950 1060 legat
963 988 1043 1043 nobis
1056 989 1156 1059 uliquis
1170 990 1227 1060 cpi·

255 1069 343 1119 tomas
368 1065 429 1118 illas
450 1063 612 1133 Cypriorum
639 1071 667 1120 et
690 1066 806 1120 aliorum
827 1066 946 1135 quinque
967 1064 1120 1120 carminum
1140 1082 1230 1135 nuper

256 1139 396 1210 editaslss),
417 1145 445 1194 et
465 1140 627 1209 experiatur,
648 1159 681 1195 an
701 1143 728 1196 in
747 1141 802 1194 ullo
824 1158 918 1196 eorum
936 1142 1092 1212 primarium
1105 1141 1226 1207 heroem,

255 1226 304 1272 aut
323 1217 479 1286 primariam
498 1217 645 1288 actionem,
666 1224 714 1272 aut
733 1219 876 1286 repetitam
896 1237 929 1273 ex
948 1217 1044 1273 mediis
1063 1219 1146 1273 rebus
1166 1236 1228 1272 nar-

255 1294 405 1370 rationem,
418 1292 505 1363 qualis
524 1293 552 1346 in
572 1292 698 1364 Odyssea
718 1293 815 1363 est94),
837 1297 962 1365 reperiat.
1003 1295 1137 1349 Percensa
1161 1296 1228 1349 item

255 1370 361 1440 reliqua
380 1369 452 1423 illius
472 1370 534 1424 aevi
554 1371 632 1440 epica
652 1370 778 1426 Carmina
803 1371 861 1425 sive
882 1370 1038 1426 Carmiuum
1056 1377 1228 1441 argumenta,

257 1444 438 1515 Genealogias
459 1445 570 1499 deorum
591 1447 753 1515 ethereum,
773 1447 949 1520 Dionysiaca,
970 1448 1136 1515 Thebaides,
1157 1447 1225 1517 Epi-

255 1539 355 1592 gonos,
376 1521 558 1592 Naupactica,
578 1524 646 1592 alia3
671 1542 751 1578 uuum
773 1524 883 1594 quidem
902 1524 1012 1580 hero'e'm
1032 1525 1060 1578 in
1080 1525 1229 1592 nonnullis,

256 1599 329 1668 (uam
349 1598 459 1654 fuerunt
477 1598 556 1668 plura
576 1600 741 1670 per-brevia)
765 1603 792 1654 iu
811 1601 885 1655 nullo
905 1620 987 1657 unam
1007 1601 1049 1657 val
1068 1601 1225 1670 primariam

256 1815 330 1878 Quod
347 1815 560 1882 quemadmodum
579 1815 630 1867 siut
647 1815 742 1876 lecturi,
761 1815 810 1882 ipsi
828 1815 943 1866 uiderint
971 1814 1025 1867 Nos
1036 1832 1103 1866 nuuc
1114 1814 1147 1865 de
1159 1829 1225 1862 com-

255 1883 327 1934 muni
343 1883 462 1947 opimiore
486 1883 645 1948 antiquitatis
668 1883 825 1948 quaerimus,
850 1901 914 1950 quae
938 1885 1110 1950 cognoscenda
1133 1892 1174 1933 est
1196 1898 1229 1930 ex

255 1953 366 2019 antiquis
384 1951 468 2019 intpp.
486 1952 590 2013 Iliados,
608 1970 641 2002 ex
659 1952 788 2002 rhetorum
806 1960 832 2002 et
849 1952 967 2002 similium
986 1954 1138 2016 scriptorum
1156 1949 1226 2002 locis.

255 2021 326 2070 Ilaec
343 2021 429 2069 omnia
447 2019 575 2070 conferant
592 2019 632 2070 illi
650 2035 757 2070 necesse
775 2027 826 2078 est,
849 2021 984 2086 anteqiram
1007 2020 1104 2086 aliquid
1126 2020 1233 2084 marius

255 2088 281 2137 iu
299 2105 380 2137 meam
398 2087 530 2138 audaciam
549 2096 669 2139 statuant.
704 2087 814 2138 Omnino
832 2104 889 2138 vero
907 2088 1068 2139 utilissimum
1087 2094 1163 2147 esset,
1181 2103 1226 2136 uu·

255 2155 388 2221 docunque
405 2154 513 2205 collecta
531 2171 609 2206 unum
628 2159 654 2205 in
673 2156 755 2205 locum
773 2156 874 2214 habere,
892 2173 958 2221 quae
976 2155 1092 2206 inlibris
1111 2164 1226 2206 veterum

256 2222 299 2274 vel
317 2230 450 2290 praecepta
467 2223 498 2273 de
516 2232 571 2274 arte
589 2224 696 2289 poetica,
715 2224 756 2273 vel
774 2224 869 2273 iudicis
887 2224 919 2274 de
936 2224 1018 2291 poetis
1042 2225 1095 2274 suis
1120 2222 1226 2289 sparsim

255 2291 382 2357 leguntur.
415 2292 540 2341 Docereut
557 2308 595 2351 ea,
613 2293 638 2341 ni
660 2291 743 2352 fallor,
762 2309 818 2342 cum
835 2292 945 2357 optimis,
959 2309 1024 2358 quae
1041 2298 1149 2352 exstant,
1168 2291 1227 2341 Oar-

255 2359 366 2409 minibus
384 2367 535 2424 comparata,
553 2375 630 2424 quam
647 2375 702 2410 sero
723 2357 815 2410 Graeci
831 2359 860 2408 ire
874 2360 946 2423 poltri
969 2358 1104 2410 didicerint
1127 2365 1227 2408 totum

255 2443 386 2490 ponere,
400 2443 429 2478 ac
441 2443 472 2477 ne
484 2427 616 2479 Horatium
630 2429 741 2493 quidem,
754 2429 797 2493 qni
814 2427 878 2477 illud
890 2429 1019 2495 praecipit,
1032 2428 1085 2477 eius
1097 2426 1236 2495 praecepti.

257 2495 358 2548 eosdem
376 2494 439 2546 fines
462 2512 494 2547 ac
517 2505 615 2548 nostros
632 2495 797 2562 philosophos
815 2499 984 2548 constituisse.
1022 2495 1070 2564 [Oi.
1090 2493 1231 2546 boeckh.

258 2567 289 2616 de
308 2565 381 2630 mag.
400 2566 443 2616 Gr.
461 2582 486 2630 p.
504 2566 553 2620 267
572 2563 640 2630 sqq]
677 2564 758 2614 Erunt
776 2563 838 2614 heac
856 2568 992 2630 praecipue
1014 2565 1038 2614 ei
1059 2562 1229 2629 disquirenda,

258 2633 300 2699 qui
327 2633 441 2684 dramata
463 2633 619 2685 Graecorum
641 2632 672 2682 ad
702 2633 821 2699 antiquae
844 2633 906 2683 artis
934 2632 1005 2698 leges
1028 2632 1127 2699 exigere
1150 2631 1228 2681 volat.

258 2700 354 2764 Quodsi
377 2700 403 2750 in
427 2701 467 2750 his
491 2703 593 2766 saepius
616 2701 648 2752 ab
672 2700 793 2752 historica
818 2699 915 2751 ratione
941 2700 1045 2751 deflexit
1072 2699 1238 2758 Aristotcles,

257 2776 325 2820 tanto
344 2769 424 2834 magis
443 2769 591 2820 admiranda
608 2778 647 2820 ast
665 2768 710 2819 riri
728 2769 910 2835 perspicacitas,
930 2785 980 2833 qua
1003 2768 1132 2819 saeculum
1155 2783 1230 2818 suum

257 2839 440 2905 praecucurrit.

327 2903 360 2970 ¹⁴²)
377 2906 491 2957 collecta
508 2907 580 2967 haec,
597 2904 647 2966 vel,
665 2905 708 2956 nbi
724 2905 769 2956 riri
788 2905 856 2956 docti
874 2905 1029 2970 collegerint,
1047 2904 1186 2955 iudicatum
1203 2903 1228 2952 in

257 2973 353 3025 Fabric.
372 2973 402 3026 B.
421 2974 502 3026 (Μ.
520 2975 549 3034 1,,
574 2974 647 3024 cuius
670 2990 753 3038 praec
777 2973 827 3024 rid.
850 2991 875 3039 p.
897 2973 956 3026 379.
980 2989 1035 3040 sqq.
1060 2990 1116 3023 nor.
1139 2973 1180 3023 ed.
1204 2980 1230 3022 et

256 3041 360 3228 ffeyull)
369 3041 656 3162 cirillinsdlllliiuffasllxl
669 3042 740 3162 [Ball.
758 3039 836 3176 ddtri‘q
848 3045 911 3159 liii
924 3039 961 3158 dd
968 3108 1059 3158 artium
1077 3109 1230 3160 novissimae

272 3182 389 3246 'cettiug.

326 3248 359 3313 ⁰⁴)
381 3247 446 3298 Num
468 3247 497 3298 iu
518 3247 600 3298 Iliade
623 3246 743 3299 naturalis
769 3253 808 3296 est
831 3245 891 3296 crdo
914 3261 998 3296 rerum
1021 3252 1166 3312 gestarum,
1183 3261 1232 3295 nec
1324 3271 1325 3284 κ

257 3316 358 3372 initium
376 3316 472 3383 primae
489 3315 640 3382 rhapsodias
657 3317 776 3366 lectorem
794 3313 866 3365 aliter
884 3314 955 3364 ducit
965 3315 992 3363 in
1004 3313 1115 3364 medium
1128 3327 1229 3363 cursum

257 3401 349 3445 rerum,
367 3394 444 3452 atquc
462 3392 491 3434 ut
507 3386 538 3436 ut
555 3386 582 3434 in
600 3384 690 3436 ceteris
709 3382 852 3449 rhapsodiis
870 3382 1010 3448 plerisque:
1035 3398 1057 3430 v.
1075 3397 1097 3432 c.
1115 3383 1143 3430 iu
1161 3378 1232 3448 Ἀρι-

258 3451 370 3514 στείαις,
388 3454 414 3502 in
432 3453 524 3520 quibus
541 3452 606 3502 illud
624 3468 725 3519 quoque
737 3450 847 3501 notabile
859 3461 905 3510 cst,
918 3449 987 3516 quod
1004 3449 1095 3500 heroes
1106 3449 1183 3514 plane
1195 3449 1232 3500 sic

259 3520 440 3587 producuntur,
459 3522 531 3588 quasi
548 3532 625 3572 antes
643 3537 694 3572 non
712 3521 921 3586 comparuissent.
956 3517 1014 3570 Vid.
1032 3519 1058 3567 in
1076 3535 1114 3584 pr.
1131 3514 1162 3569 Λ.
