2702 4124
640 356 812 408 ...4-

240 515 352 586 Proclo,
373 515 439 570 satis
453 531 512 570 essa
532 520 667 586 putemus,
687 514 789 570 autad
809 515 899 569 inanis
917 519 991 580 vota,
1011 521 1059 568 aut
1080 514 1116 569 ad
1133 515 1209 570 effre·

240 597 332 647 natam
353 592 489 647 divinandi
510 591 649 647 libidinem
670 608 713 646 res
733 591 855 646 reditura
874 608 933 647 esse
953 591 1085 646 videatur.

687 810 755 884 ΙΙΙ.

312 983 432 1040 Abiecta
451 1003 514 1056 ergo
535 1003 597 1056 spe,
617 986 675 1041 fore
695 1003 828 1057 unquam,
854 989 885 1039 ut
908 983 1062 1042 carminum
1081 985 1206 1039 Homeri·

236 1077 330 1116 corum
345 1079 415 1131 quae
428 1063 553 1133 primitus
567 1063 648 1117 fuerit
661 1063 757 1130 forma,
780 1061 844 1116 alibi
858 1079 939 1136 quam
952 1062 981 1115 in
993 1067 1083 1116 mente
1103 1068 1205 1130 nostra,
1227 1125 1229 1127 ,

235 1143 263 1192 et
276 1137 304 1192 id
319 1138 427 1208 quidem
441 1139 556 1193 rudibus
567 1139 654 1207 lineis,
668 1139 734 1210 fingi
745 1146 835 1209 queat,
850 1137 1040 1208 experiendum
1052 1138 1205 1205 videbatur,

238 1230 293 1286 quo
313 1232 363 1268 nos
384 1215 412 1268 in
431 1216 598 1285 expoliendis
618 1216 660 1270 his
681 1217 796 1270 aeternis
822 1221 850 1269 et
873 1215 959 1269 unicis
979 1213 1078 1269 Graeci
1104 1215 1205 1284 ingenii

233 1291 354 1360 reliquiis
373 1292 489 1362 vestigia
516 1293 683 1363 antiquitatis
713 1293 849 1346 ducerent.
891 1291 979 1362 Quam
1004 1307 1095 1344 curam
1121 1308 1205 1361 quum

232 1369 302 1422 inter
314 1372 356 1421 tot
370 1368 488 1436 diversa,
508 1386 578 1440 quae
592 1370 687 1423 melior
702 1385 794 1423 earum
807 1369 951 1422 illustratio
969 1369 1067 1437 poscit,
1087 1369 1203 1439 primam

234 1451 261 1499 et
280 1443 394 1499 maxime
414 1446 591 1499 necessariam
612 1462 671 1500 esse
691 1462 844 1513 censerem,
871 1445 924 1498 hac
943 1444 1061 1499 editione
1081 1445 1115 1499 ad
1141 1461 1203 1502 eam

231 1522 271 1575 ita
283 1520 399 1574 animum
413 1521 539 1591 applicui,
560 1528 591 1575 ut
604 1522 779 1576 accuratioris
799 1521 971 1589 recensionis,
995 1521 1071 1574 euius
1092 1521 1203 1575 modum

232 1613 314 1669 supra
336 1597 484 1668 designavi,
506 1598 641 1668 specimen
663 1599 763 1652 darem.
803 1598 836 1652 Id
857 1599 977 1652 Homero
997 1598 1116 1652 noudum
1138 1615 1201 1652 con-

231 1675 333 1745 tigisse,
353 1675 429 1730 inter,
444 1674 565 1728 eruditos
586 1681 700 1729 constat.
741 1676 810 1731 Nam
839 1678 1076 1728 instrumentorum
1101 1674 1201 1730 idoneo

229 1767 341 1805 numero
357 1757 478 1805 carentes
496 1750 613 1806 antehac
633 1752 750 1805 editores
770 1769 804 1806 ne
824 1757 950 1821 poterant
969 1751 1088 1820 quidem,
1110 1751 1134 1804 si
1153 1769 1201 1804 vo-

229 1827 351 1896 luissent,
371 1827 425 1882 tale
440 1827 676 1882 consilium'inire:
696 1831 789 1898 itaque
802 1829 970 1898 plerumque,
991 1827 1042 1881 nisi
1062 1843 1108 1881 cos
1129 1827 1200 1882 forte

230 1904 327 1974 aliquis
346 1921 451 1974 pannus
472 1904 575 1958 Scholii
595 1904 641 1960 vel
659 1905 796 1959 Eustathii
821 1904 957 1958 codicisve
984 1903 1101 1958 varietas
1127 1920 1201 1958 com-

228 1988 359 2050 moveret,
374 1982 471 2035 obviae
483 1982 669 2050 perspicuitati
682 1982 874 2035 sententiarum
885 1997 979 2035 secure
990 1980 1198 2034 indormiebant.

228 2056 308 2112 Adeo
322 2058 443 2111 Homero
457 2058 568 2126 insignis
587 2075 636 2112 sua
655 2059 716 2111 laus
736 2057 895 2112 tenuitatem
916 2057 1007 2110 attulit
1027 2063 1055 2110 et
1074 2058 1198 2124 maciem,

229 2151 311 2205 quum
333 2134 377 2187 alii
399 2135 471 2188 vitiis
492 2133 547 2187 suis
567 2134 781 2204 pinguescerent.
817 2133 1008 2204 Lycophronis
1028 2134 1154 2187 tenebras
1174 2133 1198 2186 si

228 2211 387 2278 obiecisset,
412 2211 508 2263 mirum
534 2212 562 2264 ni
589 2211 613 2264 ei
638 2211 690 2264 toti
713 2227 810 2281 greges
836 2211 988 2265 baiulorum
1014 2210 1068 2262 iam
1095 2210 1196 2264 dudum

226 2288 316 2342 lucem
336 2287 514 2356 undecunque
533 2293 732 2358 apportassent.
771 2287 834 2343 Non
861 2303 913 2356 ego
939 2287 1065 2356 cuiquam
1094 2302 1195 2354 eorum,

227 2365 273 2434 qui
286 2367 395 2434 poetam
410 2364 473 2417 olim
487 2363 638 2432 ediderunt,
659 2364 725 2418 vitio
746 2371 861 2432 vertam,
883 2370 938 2416 tam
958 2379 1054 2432 parum
1074 2362 1195 2416 studiose

125 2441 130 2452 '
227 2441 262 2495 ab
276 2441 309 2494 iis
322 2441 492 2494 membranas
513 2448 539 2494 et
553 2440 681 2510 reliquias
695 2440 866 2494 Scholiorum
887 2455 919 2492 ex
940 2438 1111 2493 bibliothecis
1132 2455 1195 2492 con·

192 2538 196 2546 ·
226 2518 339 2587 quisitas
359 2533 436 2572 csse:
462 2517 491 2570 id
511 2516 636 2572 fortunae
656 2518 741 2587 magis
762 2523 803 2571 est
823 2533 904 2586 quam
923 2515 1024 2585 ingenii
1044 2521 1091 2568 aut
1116 2515 1195 2569 indu-

225 2595 320 2649 striae:
341 2611 494 2664 quanquam
513 2594 642 2662 nonnulli,
663 2600 693 2647 ut
713 2593 873 2662 Berglerus,
897 2593 977 2646 etiam
998 2592 1104 2646 oblatas
1125 2592 1194 2645 eius·
1252 2592 1259 2606 '

224 2671 299 2725 modi
326 2688 392 2741 opes
418 2676 592 2740 spreverunt3
624 2671 684 2724 aliis
710 2676 814 2738 autern,
846 2675 878 2723 ut
903 2669 1007 2722 Italicis
1033 2667 1194 2735 editoribus,

225 2765 317 2803 earum
337 2747 495 2802 utendarum
517 2747 632 2801 facultas
652 2748 679 2800 in
699 2747 797 2801 vicinia
817 2752 883 2800 crat.
922 2745 955 2800 In
976 2745 1018 2798 his
1042 2744 1137 2812 rebus,
1163 2751 1194 2798 ut

224 2824 288 2892 dixi,
309 2840 388 2878 casus
402 2824 562 2878 dominatur.
593 2823 648 2878 Sed
662 2823 736 2893 quod
749 2840 783 2877 ne
801 2823 870 2876 haec
890 2823 1007 2891 quidem,
1029 2837 1099 2892 quae
1120 2821 1193 2890 apud

223 2903 350 2971 vulgatos
364 2901 519 2970 scriptores,
534 2900 731 2955 Grammaticos
746 2907 774 2954 et
787 2897 1009 2969 Lexicographos
1023 2898 1052 2951 in
1065 2904 1193 2967 promptu

224 2985 308 3046 erant,
328 2994 378 3032 nec
398 2984 528 3047 congesta
547 2978 581 3031 ab
602 2978 657 3031 ullo
678 2994 785 3045 eorum,
813 2992 900 3044 neque
920 2975 955 3028 ad
975 2974 1192 3028 constituendum

222 3059 327 3110 textum
341 3054 462 3108 adhibita
476 3060 546 3122 sunt,
567 3055 595 3108 id
616 3054 667 3108 soli
687 3053 867 3122 negligentiae
887 3068 920 3105 ac
940 3051 1045 3105 levitati
1058 3052 1191 3120 imputan-

223 3131 286 3186 dum
312 3130 419 3185 dixeris.
461 3130 532 3186 Nam
555 3130 614 3200 quis
640 3130 755 3199 primum
781 3129 891 3182 evolvat
915 3147 941 3181 v.
964 3143 986 3181 c.
1013 3126 1191 3197 Apollonium

222 3207 382 3279 Dyscolum,
401 3207 621 3278 Etymologicum
635 3205 683 3274 M,
703 3204 878 3276 Hesychium,
900 3204 964 3275 quin
978 3206 1070 3258 statim
1082 3203 1190 3272 viderit,

221 3285 320 3339 multas
334 3284 373 3338 ibi
386 3285 515 3338 lectiones
530 3289 556 3336 et
571 3287 765 3356 ὃιττογραφίας
781 3279 887 3336 latere‘?
907 3287 938 3334 nt
956 3279 1036 3334 huius
1057 3286 1129 3334 certe
1149 3280 1190 3333 rei

135 3357 138 3362 “
220 3361 354 3416 monitore
367 3377 445 3416 nemo
460 3365 560 3430 egeret.
591 3357 631 3412 At
644 3359 754 3413 minoris
769 3375 867 3428 operae
883 3365 931 3428 est,
946 3358 1068 3428 virgulae
1082 3357 1189 3410 cuidam

222 3437 328 3492 divinae
347 3437 444 3506 fidere,
470 3437 492 3490 si
513 3435 579 3506 quid
599 3451 632 3490 cs
650 3435 721 3490 inter
739 3436 826 3506 ipsam
846 3451 936 3488 curam
957 3434 1055 3488 edendi
1082 3433 1188 3499 offerat,

221 3529 302 3585 quam
321 3520 364 3569 tot
386 3519 441 3568 tam
465 3513 578 3568 tetricae
604 3511 743 3566 doctrinae
767 3511 852 3566 libros
878 3516 1011 3580 tractare,
1037 3510 1126 3564 animo
1153 3508 1188 3563 ad

220 3607 303 3646 unum
324 3607 392 3662 opus
412 3590 524 3646 intento.
556 3587 651 3659 Quid?
672 3589 747 3661 quod
766 3604 813 3644 eos
832 3604 866 3644 ne
879 3587 1050 3643 Eustatbium
1070 3586 1189 3658 quidem,
