2694 4116
648 311 838 364 ,pp-c

260 484 351 524 omnes
376 466 577 536 acquieverunt.
617 467 660 522 De
687 468 741 523 hoc
764 485 863 539 genere
886 471 1020 541 quaedam
1039 487 1093 528 non
1113 469 1224 540 protrita

260 561 424 615 apponerem
444 547 468 600 si
487 545 551 597 mihi
571 545 663 614 potins
683 561 725 613 ec,
747 563 802 616 quc
821 547 919 601 invitat
937 549 1057 617 materia,
1079 564 1161 618 quam
1175 564 1224 616 qno

261 621 343 690 ducit,
364 620 441 690 sequi
461 623 555 675 liceret
564 619 608 691 ²⁰).

338 696 393 752 Sed
412 700 568 768 priusquam
588 699 703 752 alterum
724 700 841 769 spatium
860 700 1006 770 ingredior,
1031 701 1112 755 velim
1132 717 1183 770 pro
1202 716 1228 754 se

263 773 377 844 quisque
404 777 492 830 animo
514 775 625 845 colligat
645 776 750 844 omnia,
778 793 848 846 quae
868 776 998 834 hactenus
1020 777 1169 847 explicavi,
1193 793 1230 830 re·

263 850 380 907 texendo
399 851 448 907 fila
466 851 670 922 argumentandi
691 869 772 922 saepe
787 853 936 922 subtiliora,
957 860 988 908 ut
1008 861 1148 924 appareat,
1170 852 1232 923 quid

264 927 387 997 singulae
400 928 527 996 rationes,
548 927 613 998 quid
633 932 774 984 universae
788 931 904 984 valeant.
934 931 995 984 Etsi
1009 931 1122 984 enimin
1137 930 1232 984 iunctis

265 1011 292 1060 et
312 1004 389 1073 quasi
408 1005 579 1075 conglobatis
592 1005 768 1075 probabilitas
783 1012 833 1073 est,
854 1007 923 1060 sicut
942 1007 969 1060 iu
990 1007 1089 1060 iunctis
1108 1007 1234 1060 membris

266 1081 387 1152 corporis
407 1082 590 1152 pulchritudo,
611 1088 703 1136 tamen
722 1083 829 1152 singula
848 1090 984 1137 momenta
1008 1100 1106 1154 perse
1128 1088 1235 1157 oportet

266 1175 326 1214 eam
345 1158 399 1212 vim
419 1158 535 1223 habere,
566 1165 596 1212 ut
622 1158 724 1228 aliquid
749 1159 851 1214 addant
874 1160 953 1213 lanci.
994 1160 1022 1212 Si
1047 1161 1075 1213 in
1101 1159 1236 1213 nonnullis

266 1235 326 1307 plus
347 1235 430 1288 tribui
450 1235 684 1303 verisimilitudini‚
706 1254 787 1306 quam
807 1253 903 1290 severa
923 1237 968 1290 lex
987 1237 1119 1290 historiae
1140 1236 1237 1306 poscit,

266 1329 320 1366 non
340 1311 369 1364 id
390 1328 449 1366 mea
469 1313 549 1381 culpa
568 1311 670 1366 factum
689 1320 745 1381 est,
772 1313 820 1368 sed
842 1312 954 1383 penuria
974 1313 1096 1380 testium,
1124 1329 1239 1383 quorum

268 1405 301 1442 ne
328 1394 433 1441 tantum
461 1389 569 1457 quidem
593 1407 732 1443 numerum
760 1395 931 1460 exspectares
950 1389 978 1443 in
997 1396 1053 1444 tam
1071 1390 1194 1458 antiquis
1214 1395 1241 1442 et

270 1464 378 1518 occulto
401 1466 582 1520 crescentibus
603 1466 697 1522 rebus:
724 1473 797 1522 certe
823 1483 875 1539 ego
902 1466 1005 1520 nullum
1029 1468 1120 1521 locum
1141 1466 1240 1520 veteris

270 1540 388 1594 auctoris
409 1541 495 1594 sciens
516 1542 618 1596 detorsi
637 1542 663 1594 in
684 1544 764 1597 aliam
785 1543 958 1610 sententiam,
983 1560 1064 1613 quam
1085 1559 1156 1612 quac
1178 1559 1243 1596 vera

271 1625 298 1672 et
307 1617 425 1688 genuina
438 1617 574 1673 videretur
587 1619 644 1672 sine
657 1620 713 1674 ullo
728 1628 852 1690 respectu
865 1621 946 1673 huius
957 1620 1132 1689 quaestionis.
1154 1618 1243 1688 Quam
1333 1649 1334 1658 ,

271 1712 327 1750 rem
347 1695 427 1751 facile
448 1711 490 1748 me
509 1696 687 1764 probaturum
706 1714 786 1767 spero
811 1697 900 1751 doctis
927 1697 1064 1766 omnibus,
1091 1696 1174 1750 ctiam
1202 1695 1243 1759 iis,

272 1836 475 1853 ...b—-

340 1910 373 1979 20)
390 1912 474 1962 Unum
493 1909 534 1958 hic
551 1909 653 1960 afferam
672 1909 759 1975 paucis
777 1910 874 1971 verbis,
899 1908 976 1974 longa
1000 1907 1106 1975 dignum
1130 1907 1246 1972 explica-

273 1982 349 2043 tione,
370 1998 400 2030 cx
418 1996 467 2046 qno
485 1978 647 2042 intelligetur,
667 1994 717 2044 quo
735 1993 882 2043 progressae
901 1976 952 2026 sint
974 1977 1144 2029 dubitationes
1163 1975 1246 2026 Grae-

273 2068 357 2102 corum
375 2053 487 2114 ipsorum
505 2046 554 2095 iarn
572 2055 629 2095 ante
649 2046 836 2096 Alexandrinos.
873 2045 945 2105 Quae
963 2061 1003 2094 res
1021 2044 1095 2096 simul
1115 2043 1248 2094 excusabit

275 2115 459 2186 quodammodo
477 2114 607 2163 audaciam
625 2122 743 2172 nostram,
761 2113 836 2165 simul
855 2130 918 2163 noro
937 2125 1086 2178 argumento
1099 2112 1154 2171 erit,
1166 2111 1249 2161 multa
1335 2129 1336 2168 g

275 2185 424 2254 gravissima
441 2182 580 2232 oblitterata
600 2198 654 2233 esse
672 2183 789 2235 stabilitis
807 2183 937 2233 sententiis
956 2190 1033 2248 atque
1056 2180 1163 2232 decretis
1187 2178 1248 2228 illo·

275 2272 330 2306 rnrn
349 2251 516 2311 saeculorum,
535 2267 565 2303 ex
588 2253 679 2318 quibus
702 2251 754 2304 iere
777 2261 862 2303 nostra
880 2250 982 2302 Scholia
1004 2251 1135 2301 habemus.
1172 2245 1250 2312 Apud

277 2325 399 2374 Senecam
419 2322 450 2372 de
467 2319 539 2371 Brer.
557 2320 625 2370 ritae
642 2337 664 2371 c.
685 2321 725 2372 13.
744 2323 771 2371 in
789 2319 980 2386 quaestionibus
999 2317 1150 2369 Graecorum
1167 2315 1251 2365 inuti-

278 2393 354 2452 libus,
373 2391 404 2440 ad
421 2390 556 2441 vivendum
573 2389 673 2440 scilicet
690 2390 771 2450 beata,
789 2389 853 2438 hanc
872 2405 972 2454 quoque
990 2387 1039 2437 iam
1057 2386 1154 2436 dudum
1177 2383 1251 2450 lege·

277 2463 373 2524 bamus,
394 2456 550 2509 Eiusdemne
568 2458 680 2507 auctoris
698 2465 778 2508 caecat
796 2455 862 2507 Iliae
879 2464 902 2507 ct
924 2455 1043 2523 Odyssea.
1072 2454 1156 2504 Huius
1169 2467 1251 2517 quaa-

278 2532 367 2580 stionis
390 2546 472 2596 nuper
494 2526 594 2577 nullum
618 2542 726 2592 usquam
750 2525 884 2592 vestigium
908 2534 962 2576 erat
985 2523 1063 2573 aliud.
1100 2521 1151 2590 Sed
1175 2519 1249 2570 eece!

278 2615 346 2650 nunc
363 2598 436 2665 plura
453 2605 576 2664 apparent
594 2596 621 2645 in
645 2594 865 2662 praestantissimis
885 2593 992 2646 Scholiis
1011 2592 1074 2642 Ven.
1097 2589 1191 2641 codicis
1212 2588 1255 2666 .Δ.,

279 2668 323 2716 nbi
344 2684 384 2717 res
407 2675 613 2718 commemoretur
636 2674 665 2717 ut
693 2666 773 2718 doctis
801 2663 946 2724 notissima,
974 2660 1124 2728 proprioque
1150 2672 1258 2707 nominc

280 2736 421 2785 refutantur
439 2735 571 2802 aliquoties
591 2733 616 2784 oi
634 2734 803 2802 χωρίζοντες,
821 2731 837 2782 1.
863 2747 885 2781 e.
909 2729 959 2798 ipsi
981 2729 1034 2789 illi,
1057 2727 1099 2794 qui
1123 2724 1259 2791 negabant

281 2805 388 2854 eundem
406 2805 537 2870 utriusque
556 2803 681 2856 Carminis
699 2809 824 2854 auctorem
842 2816 905 2850 esse.
940 2794 1160 2854 vitiositates.
1173 2793 1259 2843 Catal.

283 2874 339 2928 156.
359 2872 381 2923 d.
408 2873 467 2925 354.
485 2888 508 2923 κ.
526 2874 584 2928 476.
603 2870 626 2925 λ.
647 2875 704 2925 141.
723 2872 782 2925 691.
799 2885 827 2930 μ.
844 2871 885 2923 96.
905 2885 927 2917 ν.
945 2866 1004 2920 365.
1023 2881 1050 2914 π.
1068 2866 1128 2947 147ζ
1146 2879 1177 2928 φ.
1193 2863 1258 2942 416.

281 2943 340 2996 550.
360 2942 452 3009 quibus
471 2942 587 2992 versibus
606 2940 675 3006 diple
693 2957 754 3006 pura
771 2937 889 3006 apposita
907 2943 946 2986 est
963 2943 1067 3000 propter
1085 2947 1150 2988 τους
1170 2946 1260 3014 χωρι·

283 3010 386 3072 ζοντας,
405 3026 457 3069 seu,
476 3019 504 3060 ut
521 3010 548 3060 in
565 3010 717 3075 Fragmenta
736 3007 767 3056 de
785 3009 852 3058 notis
870 3003 961 3056 criticis
979 3001 1079 3068 legitur,
1099 2998 1172 3065 πρὸς
1190 3013 1261 3055 τοος

282 3077 412 3145 λέγοντας
433 3077 470 3145 μὴ
494 3075 563 3128 εἶναι
585 3079 634 3128 τοῦ
663 3075 747 3126 αὐτοῦ
775 3075 884 3143 ποιητοῦ
903 3068 1000 3121 Ἰλιάδα
1027 3067 1071 3118 καὶ
1094 3065 1260 3119 Ὀδύσσειαν.

282 3149 344 3198 illos
364 3158 446 3198 autern
465 3149 560 3212 priores
578 3149 657 3198 tuisse
674 3145 843 3197 celeberrimis
862 3141 955 3192 scholis
975 3139 1210 3216 Grammaticorum,
1223 3151 1262 3185 ex

284 3216 371 3267 multis
395 3216 496 3267 indiciis
519 3217 622 3282 colligo.
663 3214 747 3276 Quare
772 3211 907 3264 ridendum
930 3217 978 3267 eat,
1003 3224 1036 3258 ne
1059 3209 1122 3285 forte
1147 3219 1261 3283 primum

283 3286 417 3351 vestigium
435 3284 503 3335 illius
518 3285 671 3350 suspicionis
689 3282 769 3333 lateat
786 3283 813 3331 in
832 3280 946 3330 mutilato
971 3278 1026 3328 loco
1051 3274 1126 3354 Vitae
1143 3271 1261 3334 Homeri,

286 3371 350 3418 quae
369 3371 385 3404 a
403 3354 544 3421 Tychsenio
564 3355 709 3404 accuratius
738 3367 815 3417 quam
838 3357 914 3398 antea
937 3346 1004 3397 edite
1027 3351 1066 3394 est
1088 3358 1114 3392 1n
1139 3339 1261 3406 Appuud.

285 3423 358 3471 Face.
376 3422 397 3472 1.
416 3421 480 3472 hibl.
500 3423 733 3489 Goetting.p.1t.:
751 3415 877 3486 Γέγραφε
896 3413 1020 3481 ποιήσεις
1037 3409 1094 3473 δύο,
1107 3405 1203 3489 'liedda
1215 3405 1262 3456 zat

285 3486 458 3541 ’θδύσσειαιν
477 3487 566 3542 Ξένων
591 3489 633 3540 καὶ
647 3484 797 3545 Ἑλλάνικος
814 3485 974 3552 ἀφαιροῦσιν
994 3479 1088 3534 αὐτοῦ,
1114 3477 1260 3544 [Thrersch.

287 3559 343 3606 Act.
362 3562 461 3611 Monac·
480 3563 504 3614 2.
523 3579 547 3627 p.
565 3558 635 3624 578]
