2702 4124
646 341 834 396 -54-

256 500 409 567 lectionem,
430 494 521 553 omnia
540 495 576 550 ad
595 497 761 570 auditionem
780 510 950 576 eomparata3
981 509 1055 564 nulla
1079 516 1163 580 pacta
1184 519 1236 568 aut

254 576 368 631 foedera
388 575 438 630 nisi
460 588 566 642 coram3
592 575 682 629 nullus
706 583 829 633 veterum
854 579 941 637 retum
962 584 1050 641 famae
1070 587 1132 642 fons
1152 607 1233 658 prae·

254 657 298 708 ter
317 653 476 708 memoriam
497 654 525 704 et
543 649 642 704 famam
664 659 691 708 et
711 653 851 710 illitterata
876 661 1108 736 monumenta⁶⁹);
1143 682 1175 719 ex
1199 683 1234 721 ρο

254 728 408 799 Musarum,
429 743 578 784 memorum
599 726 723 794 dearum,
752 731 866 802 diligens
887 745 915 790 et
935 736 961 790 in
982 738 1068 794 Iliade
1091 743 1168 796 enixe
1189 760 1233 798 re.

256 806 343 877 petita
362 805 513 874 invocatio3
534 804 626 858 nullus
645 806 673 859 in
694 806 780 876 cippis
802 817 829 864 et
849 813 989 882 sepulcris,
1011 833 1080 884 quae
1094 816 1234 874 interdum

257 879 448 950 memorantur,
469 882 578 950 titulus;
598 898 654 936 non
674 883 727 938 alia
746 885 803 940 ulla
822 885 977 960 inscriptio,
999 909 1053 946 non
1074 911 1120 948 aes
1141 895 1233 966 signa.

255 963 314 1014 tum
333 967 381 1014 aut
401 959 476 1013 iacta
495 957 626 1027 pecunia3
646 959 737 1014 nullus
758 979 822 1016 usus
843 965 937 1034 scripti
958 967 984 1020 in
1006 969 1087 1024 rebus
1101 970 1232 1026 domesti-

255 1036 295 1092 cis
321 1042 348 1091 et
373 1033 584 1104 mercatura⁶⁸);
614 1035 703 1090 nullae
732 1040 931 1108 geographicae
957 1045 1082 1115 tabulae3
1114 1047 1233 1118 denique

254 1112 321 1168 nulli
342 1111 487 1180 tabellarii,
508 1112 599 1166 nullae
620 1111 762 1180 epistolae,
785 1133 899 1184 quarum
913 1118 936 1173 si
950 1122 1118 1177 consuetudo
1132 1124 1234 1180 fuisset

254 1189 283 1244 in
303 1189 393 1259 patria
413 1187 530 1259 Ulyssis,
551 1188 595 1242 vel
609 1188 632 1243 si
646 1185 757 1238 πτοκτοὶ
774 1187 886 1248 πίνακες
899 1189 1152 1264 p0r0011tafi0nib¹us
1166 1219 1231 1271 pro.

256 1282 350 1320 corum
369 1270 398 1320 ct
416 1264 574 1320 Telemachi
593 1267 770 1338 suffecissent,
790 1272 887 1340 procul
908 1273 991 1328 dubio
1007 1273 1160 1347 Odysseam
1180 1277 1234 1332 ali-

256 1347 325 1412 quot
345 1341 421 1396 libris
442 1341 603 1411 breviorem,
626 1350 681 1413 aut,
701 1352 733 1400 ut
745 1348 913 1404 Roussavius
934 1351 1151 1424 conficiebat⁶⁴),
1173 1371 1232 1408 om·

253 1418 320 1473 nino
340 1418 442 1473 nullam
462 1417 631 1480 haberemus.

255 1601 414 1668 temporibus
433 1597 562 1666 Aeschyli,
579 1597 606 1649 id
624 1601 692 1665 quod
705 1601 782 1653 etiam
794 1603 912 1656 nonnulli
924 1622 954 1656 ex
965 1607 1092 1659 veteribus
1104 1607 1233 1672 viderunt,

306 1670 367 1720 uali.

252 1685 370 1880 1⁸⁰quss
386 1753 452 1806 Vide
476 1754 532 1806 loca
559 1753 585 1805 in
607 1754 627 1806 l.
650 1755 679 1806 Ε.
702 1757 795 1808 Koohii
821 1759 921 1810 libello:
954 1760 1070 1814 Litterar.
1111 1762 1233 1830 Megaain

267 1843 318 1894 .p.
372 1865 378 1878 .

323 1913 356 1978 ω)
375 1909 449 1962 ralia
467 1925 574 1977 quaeras
592 1911 619 1960 in
638 1909 744 1960 Hesiodi
753 1904 866 1976 Ἔργοις.
907 1911 941 1962 Ae
958 1913 1053 1980 Odyss.
1070 1913 1099 1964 ri.
1120 1917 1177 1970 163.
1202 1917 1233 1968 in

254 1981 313 2032 nari
331 1985 540 2032 commemoratur
574 1977 676 2045 φόρτου
699 1977 819 2046 μνήμων.
860 1980 915 2031 Iam
940 1983 1051 2033 conserat
1074 1983 1185 2050 aliquis,
1208 1985 1233 2036 si

255 2048 356 2116 poterit,
375 2047 504 2098 Romanos
522 2047 639 2098 homines
657 2063 674 2095 a
691 2047 820 2098 anemoria.
860 2048 913 2100 Nos
937 2050 1069 2116 antiquum
1096 2069 1171 2102 usum
1190 2070 1231 2104 se-

255 2116 356 2184 quimur
374 2115 465 2182 Odyss.
484 2131 512 2178 φ.
530 2115 572 2168 95.
606 2114 697 2180 Neque
714 2131 831 2167 curamus
850 2117 977 2168 Eustathii
995 2119 1095 2184 explic,
1114 2120 1232 2188 ὑγρομ-

253 2180 358 2248 pareo<
381 2181 443 2250 ἤτοι
465 2180 669 2249 ἀποοημάντωρ
693 2181 735 2232 διὰ
757 2184 936 2251 γραμμάτιον·
960 2185 977 2252 ἢ
1000 2185 1044 2237 καὶ
1062 2182 1164 2252 ἄλλως,
1184 2187 1231 2238 λο-

255 2250 365 2320 γιοτής,
384 2247 557 2319 ἐπιμελητής.
588 2251 698 2302 uameci
716 2253 780 2304 haec
798 2271 899 2320 quoque
917 2258 977 2305 satis
996 2257 1104 2320 produnt
1116 2271 1232 2309 veterum

255 2323 343 2388 Intpp.
362 2318 521 2374 sententiam.
559 2320 674 2371 Ceterum
692 2322 818 2382 riderent,
845 2324 867 2373 si
885 2323 932 2374 hoc
950 2323 1077 2390 legerent,
1101 2325 1232 2376 institores

256 2397 282 2442 et
299 2390 419 2456 propolae
437 2389 524 2460 nostri.
554 2391 593 2439 Er
611 2405 660 2454 quo
678 2390 766 2441 ordine
784 2407 830 2458 ego
849 2394 905 2458 ipse
922 2391 1057 2458 aliquando
1077 2393 1161 2444 audivi
1175 2409 1231 2444 mu·

255 2458 344 2510 lierem
370 2455 495 2523 quandam
522 2457 764 2510 illitteratissimas
778 2476 827 2510 neo
854 2474 938 2511 cetere
964 2461 1088 2512 valentem
1115 2463 1231 2528 ingenio,

256 2543 334 2595 quum
352 2525 567 2578 enumerationem
586 2524 678 2578 faceret
696 2527 824 2588 mercium,
843 2545 906 2595 quae
926 2529 1004 2578 variis
1017 2531 1043 2580 in
1055 2529 1157 2595 oppidis
1171 2547 1231 2580 con-

257 2596 322 2647 ditae
340 2596 455 2656 haberet,
474 2593 537 2645 adeo
555 2595 670 2660 longam,
695 2605 724 2647 ut
741 2595 848 2647 fortasse
866 2613 925 2647 eum
941 2595 1057 2664 μνήμονν
1074 2598 1233 2649 Phoeniciae

256 2665 329 2714 naris
348 2670 443 2714 certare
461 2663 593 2729 potuisset.

325 2749 358 2814 ω)
382 2748 537 2814 Dignissima
560 2757 598 2800 eet
620 2749 757 2800 acutissimi
779 2750 825 2800 viri
849 2754 987 2811 sententia,
1013 2769 1080 2819 quae
1103 2759 1155 2804 tota
1178 2753 1230 2803 buc

256 2819 437 2870 transcribatur
455 2835 486 2868 ex
498 2818 628 2884 Opuseulo
646 2819 700 2869 eius
718 2835 763 2868 aar
781 2817 906 2884 l’Ora'pine
917 2819 962 2869 des
973 2819 1102 2884 Lampsaco,
1115 2821 1230 2872 Oeurres

257 2886 340 2953 pesth.
359 2887 453 2938 Gener.
472 2885 531 2937 edit.
552 2887 626 2941 1782.
647 2887 676 2938 Τ.
694 2887 763 2938 XVI.
781 2905 806 2953 p.
822 2889 880 2940 240.
899 2889 985 2950 „Quoi
1003 2889 1080 2955 qu’on
1097 2907 1163 2940 nous
1176 2891 1231 2941 dise

257 2955 289 3006 de
307 2953 455 3005 l'invention
474 2956 506 3005 de
523 2952 666 3021 l'alphabct
684 2957 758 3016 Grec,
772 2957 801 3022 je
820 2956 845 3006 la
863 2957 928 3007 crois
947 2958 1079 3023 beaucoup
1097 2958 1155 3023 plus
1174 2975 1230 3009 mo-

258 3023 334 3075 deme
352 3023 429 3090 qu'on
453 3039 484 3074 ne
507 3025 533 3074 la
555 3023 613 3083 fait.
637 3033 663 3075 et
676 3026 705 3090 je
722 3023 799 3075 fonde
816 3024 1026 3091 principalement
1044 3033 1106 3076 cette
1124 3027 1231 3091 opinion

256 3109 301 3143 sur
317 3090 343 3142 le
360 3091 487 3142 carectbre
505 3093 537 3144 ds
555 3093 581 3142 la
598 3091 700 3159 langue.
735 3093 757 3143 Il
775 3092 849 3142 m'est
867 3111 934 3144 venu
957 3094 1015 3144 bien
1039 3103 1143 3146 sourent
1166 3095 1231 3145 dans

256 3160 355 3227 l’esprit
373 3161 405 3211 de
424 3160 512 3211 deuter
522 3161 728 3212 non-seulement
739 3160 893 3228 qu'Hombre
904 3163 947 3212 adt
959 3162 1037 3213 ecrite
1043 3181 1052 3223 ς
1070 3163 1133 3213 mais
1146 3166 1231 3215 meme

257 3229 335 3296 qu’ou
353 3227 441 3280 eorda
458 3228 490 3278 de
508 3246 553 3280 son
572 3237 644 3280 tems.
679 3229 730 3281 J'ai
748 3229 829 3296 grand
846 3238 940 3296 regnet,
963 3247 1012 3296 que
1030 3248 1057 3282 ce
1082 3232 1158 3282 doute
1181 3231 1231 3282 soit

185 3319 189 3330 ¹
255 3298 279 3348 si
296 3297 480 3348 formellement
496 3297 608 3350 dementi
625 3314 671 3364 per
688 3298 809 3350 l'histoire
818 3300 849 3349 de
859 3299 1028 3366 Bellerophon
1046 3299 1108 3350 dans
1122 3299 1230 3351 l’lliade.

257 3365 361 3417 Comme
374 3365 423 3431 j'ai
439 3366 464 3418 le
482 3367 596 3418 malheur
613 3366 681 3418 aussi
699 3368 757 3417 bien
782 3384 830 3433 que
848 3368 879 3418 le
896 3368 925 3418 P.
945 3367 1078 3418 Hardouin
1096 3368 1178 3420 d'btre
1195 3385 1230 3418 un

257 3449 307 3500 peu
329 3434 430 3487 ohetiue
454 3434 517 3485 dana
541 3453 594 3488 mes
618 3436 774 3502 paradoxae,
800 3437 822 3488 si
841 3436 932 3503 j’etois
956 3436 1037 3487 moins
1060 3440 1185 3502 ignorent,
1201 3438 1231 3501 je

256 3501 336 3553 seroie
360 3502 419 3554 bion
441 3505 511 3554 tente'
534 3503 665 3556 d'ttendre
688 3521 741 3556 mee
766 3505 855 3557 dautes
874 3522 917 3555 eur
933 3512 996 3556 cette
1014 3505 1119 3556 histoire
1137 3506 1231 3566 meme,

256 3578 285 3622 ct
302 3569 333 3622 de
350 3571 476 3624 l'aceueer
493 3571 587 3624 d'avoir
604 3573 647 3625 ete
665 3588 725 3624 sans
743 3573 874 3640 beaucoup
893 3573 1019 3624 d’exemen
1032 3572 1173 3640 interpolee
1185 3589 1232 3640 per
