2702 4124
640 263 834 317 -3g...

250 423 406 478 litterarum
425 419 496 475 ratio
510 419 636 476 ostendit.
675 419 740 476 Non
759 418 876 489 amplius
887 435 1024 474 moramur
1037 417 1132 474 Cadmi
1151 418 1230 474 litte-

248 515 294 554 ras
316 502 351 554 11
372 497 417 552 vel
439 501 484 565 16,
505 513 554 552 nec
574 495 729 554 Palamedis
750 501 768 552 3
789 496 833 551 vel
853 501 880 563 4,
901 502 948 550 aut
969 495 1101 566 quidquid
1122 495 1227 550 ducre-

247 580 297 646 pat
316 574 448 628 historica
469 574 656 644 interpretatio
672 578 796 628 vetustae
811 573 1003 631 fabulositatis.
1044 571 1151 626 Certior
1165 571 1227 641 qui·

249 651 311 706 dem
330 650 445 705 historia
471 649 560 705 adhuc
580 651 691 706 sacculo
717 649 769 704 VI.
794 655 823 704 et
841 649 877 704 V.
899 655 961 704 ante
981 647 1045 702 Chr.
1092 647 1229 703 Simonidi

249 725 305 782 Ceo
326 733 409 797 atque
429 725 593 798 Epicharmo
619 727 729 795 Siculo,
756 726 885 796 antiquae
912 724 1077 780 Comoediae
1098 724 1228 795 principi,

247 803 314 860 satis
339 802 458 874 insignes
483 810 577 875 partes
602 803 700 858 tribuit
725 803 753 857 in
778 802 876 858 litteris
902 801 1069 872 complendis
1094 807 1122 856 et
1148 801 1230 854 inve-

246 881 352 936 niendis
372 879 499 950 novis²⁷),
521 897 589 950 quas
610 879 708 934 deinde
729 897 791 933 oum
810 879 947 949 prioribus
966 879 995 932 in
1015 883 1107 948 aptam
1127 877 1229 932 scriem

248 957 379 1012 collectas
400 975 416 1011 a
436 956 593 1014 Callistrato
615 956 741 1026 quodam,
763 963 826 1010 ante
846 956 914 1010 alios
940 954 1037 1009 Ionica
1057 953 1153 1008 Samos
1172 970 1226 1023 pu·

247 1033 320 1090 blice
340 1033 514 1103 usurpavisse
534 1032 669 1102 fertur²⁸).
715 1031 809 1102 Atque
829 1032 883 1086 hoc
902 1032 1027 1086 lonicum
1047 1030 1228 1100 alphabetum

249 1115 288 1168 24
308 1110 458 1165 litterarum
478 1127 494 1164 a
514 1111 618 1180 populo
638 1109 799 1166 Atheniensi
819 1109 929 1165 tandem
947 1107 1064 1162 Euclida
1084 1107 1231 1162 Archonte

248 1185 492 1258 OlymeCIlIl,
514 1191 540 1242 2.
562 1192 625 1241 ante
639 1185 702 1240 Chr.
714 1190 770 1242 403
791 1191 938 1255 receptum,
959 1201 1010 1239 nec
1029 1183 1068 1238 ibi
1089 1181 1231 1238 antehoc

246 1269 355 1332 tempus
375 1279 455 1315 usum
475 1261 590 1317 duarum
609 1263 753 1332 longarum
767 1263 902 1317 vocalium
922 1261 1094 1332 publicatum
1113 1259 1231 1314 tradunt

245 1339 338 1410 plures
359 1343 387 1392 et
407 1355 440 1392 ex
460 1338 586 1408 probatis
607 1337 812 1408 auctoribus29).

317 1530 350 1600 ²¹)
368 1532 435 1584 Vide
459 1530 561 1596 Hygini
584 1531 646 1582 Feb.
670 1532 728 1586 277.
750 1531 816 1585 Pliu.
837 1531 892 1599 Vll,
916 1533 958 1586 56.
977 1533 1061 1584 Treta.
1080 1531 1147 1584 Chii.
1165 1529 1231 1592 XII,

248 1602 309 1656 398.
336 1600 422 1652 Schol.
442 1601 469 1649 in
477 1598 580 1652 Villois.
593 1598 689 1652 Aneod.
703 1601 747 1652 Gr.
766 1600 795 1650 Τ.
813 1600 846 1651 Il.
865 1619 890 1668 p.
913 1601 969 1654 187.
996 1600 1067 1655 conf.
1087 1599 1231 1666 Spauhem.

248 1671 280 1722 de
297 1671 329 1722 U.
347 1676 373 1720 et
389 1668 419 1720 P.
436 1668 512 1720 Num.
536 1667 605 1720 Dias,
628 1668 661 1720 11.
687 1686 709 1734 p.
733 1669 775 1722 85.
816 1670 921 1722 Goensii
942 1668 974 1720 de
992 1669 1123 1721 Simonide
1139 1667 1186 1730 IV,
1206 1665 1232 1719 1.

246 1737 397 1806 Mongitoris
414 1737 533 1789 Biblioth.
552 1735 603 1788 Sic.
623 1736 652 1787 ¹1¹.
670 1737 690 1788 l.
709 1755 734 1804 p.
755 1737 813 1791 181.

317 1824 350 1892 28)
369 1824 407 1875 uc
425 1822 545 1890 pertinuit
568 1822 698 1874 dicterium
716 1822 894 1888 Aristophanis
912 1823 938 1872 in
956 1823 1121 1888 Babyloniis,
1139 1821 1233 1872 sabula

248 1894 306 1944 ciro.
325 1895 385 1947 417.
409 1909 433 1944 a.
453 1892 512 1942 Chr.
530 1890 695 1942 LXXXVIII.
719 1890 760 1943 Ol.
779 1900 844 1942 acta.
885 1891 951 1941 Vide
974 1889 1046 1944 Suid.
1069 1909 1091 1942 v.
1117 1885 1230 1952 Σαμίων

248 1961 263 2011 ὁ
281 1959 369 2027 δῆμος
386 1961 443 2012 coll.
461 1977 484 2010 v.
502 1956 675 2023 Αττικισμός,
700 1958 786 2010 Schol.
805 1959 869 2010 Ven.
895 1959 957 2009 Cod.
975 1956 1004 2008 B.
1024 1961 1057 2009 ad
1074 1959 1104 2010 ll.
1122 1974 1147 2025 η.
1168 1959 1230 2014 185.

247 2027 332 2079 'laeta
351 2028 417 2078 Chil.
435 2027 495 2087 XII,
514 2029 558 2081 61.
574 2044 630 2093 sqq.
667 2029 741 2090 Quod
759 2026 920 2078 Callistratus
943 2027 1011 2092 apud
1034 2027 1103 2077 hunc
1122 2038 1232 2078 vocatur

247 2095 446 2162 Grammaticus,
470 2095 533 2146 iacit
550 2095 722 2161 ineptissimus
740 2097 828 2158 homo,
854 2103 883 2146 ut
901 2096 983 2146 solent
1006 2095 1098 2146 eruditi
1122 2094 1230 2146 istorum

247 2171 406 2230 temporum,
430 2180 508 2231 quum
530 2163 684 2229 antiquiores
707 2164 783 2230 digne
807 2163 910 2215 laudare
933 2163 1029 2214 volunt.
1049 2163 1156 2214 Gravius
1178 2172 1229 2224 est,

248 2233 315 2298 qnod
334 2247 367 2282 ex
385 2231 429 2281 illo
442 2230 555 2293 Scholia,
572 2239 626 2282 tum
643 2232 747 2292 inedito,
766 2231 937 2296 Spanhemiua
956 2231 1039 2282 docuit
1050 2231 1068 2283 1.
1079 2231 1106 2291 l.,
1125 2247 1229 2297 operam

248 2299 388 2351 Callistraii
410 2299 556 2351 auctoritate
575 2299 671 2365 Ephori
696 2301 816 2352 traditam
841 2318 905 2352 esse.
942 2299 1065 2366 Suspicor
1087 2307 1227 2365 praeterea,

248 2368 317 2419 huuc
339 2370 488 2434 scriptorem
512 2369 538 2418 in
561 2367 651 2418 ultima
672 2379 744 2436 parte
768 2371 890 2419 historiae
912 2385 989 2429 suae,
1012 2370 1057 2419 ubi
1081 2369 1112 2418 ad
1136 2384 1229 2418 noram

247 2435 421 2488 recensionem
438 2436 524 2503 legum
541 2436 681 2488 Atticarum
706 2437 792 2488 eiectis
816 2436 891 2487 XXX
908 2437 969 2487 viris
991 2435 1086 2488 iactam
1108 2435 1230 2500 venisset,

247 2504 314 2555 hanc
333 2521 434 2556 omnam
457 2522 511 2556 rem
535 2506 639 2571 copiose
661 2513 794 2566 tractasse,
818 2506 983 2572 indidemque
1005 2512 1148 2571 excerptum
1171 2519 1229 2554 essa

247 2572 332 2624 locum
350 2572 487 2624 Clementis
506 2589 582 2639 supra
599 2589 624 2622 n.
645 2576 685 2628 16.

317 2655 351 2716 ²⁰1
369 2658 525 2710 Nominatim
537 2659 648 2725 Ephoro,
662 2659 837 2726 Theopompo,
849 2660 970 2710 Androne
982 2659 1103 2726 Ephesio,
1121 2657 1228 2720 fortasse

247 2725 305 2777 aliis
324 2726 447 2793 pluribus.
481 2727 532 2778 Pro
550 2728 590 2779 his
607 2729 719 2778 adeundi
736 2737 796 2779 sunt
814 2728 887 2778 nobis
905 2729 1000 2778 turbidi
1018 2728 1108 2785 rivuli,
1132 2726 1228 2777 Euseb.

249 2795 342 2847 Chron.
361 2795 393 2845 ad
412 2794 453 2847 Ol.
471 2795 577 2857 ΧΟΠΠ,
595 2799 620 2849 4.
640 2795 745 2847 Cedren.
764 2803 790 2846 et
807 2794 897 2846 Pasoh.
916 2795 1009 2846 Chron.
1033 2795 1066 2846 ad
1083 2793 1176 2855 XCVI,
1200 2797 1227 2847 4.

249 2879 307 2913 oum
327 2861 415 2914 Schol.
434 2863 467 2914 ad
484 2864 573 2930 Eurip.
592 2865 687 2916 Phoen.
706 2863 779 2926 688„
800 2863 843 2915 ubi
861 2872 935 2915 retus
953 2866 1060 2915 varietas
1077 2870 1180 2914 notatur
1196 2878 1228 2912 ex

203 2965 206 2971 -
248 2929 356 2996 pristino
375 2947 444 2982 more
462 2932 600 2995 scribendi,
624 2934 664 3000 σῷ
683 2949 721 2982 νιν
746 2930 847 3000 ἐκγόνῳ
870 2939 895 2982 et
917 2931 962 2988 σοί
977 2949 1018 2982 νιν
1043 2929 1152 2998 ἔκγονοι.
1187 2929 1227 2981 lbi

248 3015 271 3049 r.
291 2996 414 3050 Valcken.
438 3017 463 3065 p.
488 3001 539 3054 160
562 3007 588 3052 et
605 3003 663 3056 688.
699 3001 719 3052 Ι.
739 3001 770 3052 G.
787 3000 862 3051 Voss.
886 3000 918 3051 da
936 3000 997 3052 Arte
1018 3017 1125 3066 gramm.
1144 2999 1166 3059 1,
1183 2999 1226 3052 30.

248 3083 274 3132 p.
294 3067 352 3120 113.
371 3067 477 3119 Salmas.
496 3068 564 3121 Add.
589 3071 622 3120 ad
639 3069 756 3136 inscript.
778 3067 886 3119 Herodis
910 3069 964 3122 Art.
983 3087 1008 3135 p.
1027 3069 1086 3122 131.
1123 3065 1227 3117 Boharii

248 3134 317 3186 Dias.
338 3133 363 3203 §
378 3137 420 3189 66.
438 3132 548 3188 Wessel.
566 3139 598 3188 ad
616 3137 695 3189 Potiti
713 3137 762 3188 lala.
781 3136 836 3187 AA.
854 3153 880 3203 p·
894 3139 950 3191 194.
971 3135 1071 3187 Cossini
1089 3135 1156 3185 Fast.
1170 3133 1226 3186 Atr.

249 3203 278 3253 Τ.
297 3203 342 3254 ΠΙ.
362 3221 387 3271 p.
405 3204 464 3258 176.
485 3204 553 3255 Huic
572 3214 698 3271 postremo
716 3203 834 3256 laudatus
851 3205 923 3257 locus
942 3203 1045 3272 Syriani
1061 3205 1094 3254 ad
1106 3203 1226 3268 Hermog.

248 3288 275 3338 p.
296 3273 336 3325 17.
359 3287 450 3339 parum
475 3271 620 3339 explicitam
642 3274 756 3326 notitiam
774 3275 865 3335 habet,
887 3291 963 3341 quam
988 3274 1091 3324 omnino
1115 3272 1147 3322 ab
1171 3271 1229 3320 istis

245 3340 454 3406 compilatoribus
471 3358 522 3393 nou
541 3349 681 3409 exspectes.
715 3341 784 3393 Satis
807 3350 859 3404 est,
879 3342 1015 3393 convenire
1037 3357 1125 3391 omnes
1149 3339 1176 3390 in
1199 3353 1228 3388 re

248 3423 355 3459 summa.
390 3407 508 3462 Ceterum
527 3408 726 3478 hincapparet,
749 3427 814 3476 quae
837 3410 903 3462 dicta
920 3411 952 3461 sit
969 3409 1037 3476 apud
1055 3407 1229 3460 Athenienses

153 3509 156 3514 -
249 3473 344 3544 buer'
363 3469 508 3548 Εὐκλείδην
533 3477 718 3548 γραμματική.
757 3478 832 3530 Prius
855 3479 964 3530 usitatae
986 3477 1084 3528 litterae
1107 3483 1230 3528 vocantur
1340 3509 1341 3552 3
