2702 4124
546 591 653 666 XXI.

193 751 272 806 Haec
292 751 382 806 omnia
402 751 530 822 colligata
549 751 619 804 inter
639 765 677 818 se,
701 755 729 803 et
747 748 776 802 in
796 765 851 802 uno
873 752 1021 818 conspectu
1040 763 1089 817 po-

108 828 179 896 sita,
200 845 264 881 num
285 827 399 883 fortuita
418 828 526 882 silentia
545 825 627 880 sunt?
653 843 687 880 an
707 826 739 892 is,
761 825 807 895 qui
827 825 867 879 ita
886 824 955 892 silet,
977 824 1090 894 loquen-

107 905 148 959 tis
177 911 205 959 et
230 905 303 958 clare
327 904 451 960 testantis
477 921 622 975 personam
648 901 741 974 gerit?
784 900 856 955 Mihi
884 900 1009 973 quidem,
1039 901 1091 955 etsi

107 998 170 1035 non
191 999 249 1035 sum
270 981 348 1034 nimis
369 982 506 1048 credulus,
527 980 575 1033 illa
587 997 636 1050 per
656 996 685 1034 se
705 979 787 1049 plane
807 977 1010 1049 persuaderent,
1032 977 1091 1031 vul-

110 1075 210 1128 garem
240 1064 330 1112 autem
358 1058 511 1127 opinionem
539 1056 684 1111 defendere
711 1055 913 1111 dementissima
938 1052 1092 1124 pervicacia

110 1134 264 1191 videretur.
294 1133 334 1187 At
348 1140 434 1201 erunt,
456 1135 561 1204 opinor,
583 1134 629 1203 qui
645 1132 744 1200 dicant,
765 1132 837 1186 effici
858 1131 967 1201 quidem
980 1146 1015 1185 ox
1027 1129 1091 1198 illis,

111 1218 147 1266 ut
172 1210 280 1266 litterae
307 1210 351 1265 vel
379 1210 587 1264 obscurissimae
614 1210 658 1265 vel
683 1225 795 1280 prorsus
821 1208 963 1278 ignoratae
992 1205 1093 1260 fuerint

111 1287 243 1342 Troianis
263 1287 444 1357 temporibus,
474 1305 529 1341 non
557 1287 623 1340 item
642 1286 709 1353 hoc,
735 1291 766 1339 ut
791 1291 868 1339 vates
895 1283 1002 1340 duobus
1028 1287 1094 1353 post

113 1365 233 1418 saeculis
254 1365 311 1433 ipsc
332 1381 441 1434 quoque
461 1363 616 1418 illitteratus
637 1363 729 1418 fuerit.
759 1363 917 1415 Extremam
937 1361 1008 1416 hanc
1027 1360 1094 1414 late-

113 1443 195 1496 bram
220 1440 244 1494 si
269 1441 410 1494 obstruere
436 1440 550 1508 vellem,
576 1456 687 1495 necesse
711 1439 841 1494 haberem
867 1437 977 1508 longam
1003 1435 1094 1506 dispu·
1162 1490 1165 1496 ,

114 1517 250 1572 tationem
269 1516 375 1586 ingredi
395 1516 429 1570 de
450 1517 522 1571 omni
542 1516 662 1584 ratione,
688 1533 743 1586 qua
762 1516 897 1570 Homerus
922 1514 950 1568 in
974 1512 1094 1582 descrip-

116 1596 195 1648 tione
217 1593 343 1646 heroicae
363 1593 436 1647 vitae
456 1593 558 1647 versari
579 1593 658 1649 solet,
691 1593 754 1648 Non
776 1591 847 1646 enim
867 1591 940 1660 apud
953 1591 1030 1644 illum
1042 1587 1095 1644 nisi
1201 1649 1205 1658 Ι

115 1670 162 1726 bis
182 1677 259 1724 terve
279 1669 332 1723 hoc
352 1687 437 1740 genus
457 1670 563 1739 reperio
584 1669 706 1724 eruditae
727 1668 804 1737 artis,
825 1668 899 1738 quod
919 1672 1018 1739 poetae
1039 1667 1095 1720 cul·

116 1747 219 1801 tiorum
245 1752 363 1800 actatum
390 1746 533 1814 affectant,
561 1763 644 1816 quum
671 1746 840 1815 superiorum
865 1745 992 1800 fabulosa
1017 1748 1096 1815 gesta

120 1839 220 1878 scenae
235 1822 377 1877 reddentes
392 1828 489 1876 cavent
505 1822 610 1890 sedulo,
631 1839 664 1875 ne
685 1822 802 1891 priscam
821 1821 1004 1875 sinceritatem
1018 1820 1096 1873 novis

118 1899 243 1953 moribus
265 1898 401 1966 infucent,
428 1916 482 1969 quo
509 1899 614 1953 facilius
641 1897 789 1952 lectoribus
816 1899 860 1951 vel
884 1896 1095 1968 spectatoribus,

119 1982 234 2047 propter
258 1975 427 2044 antiquitatis
457 1975 583 2046 peritiam
613 1974 774 2048 incredulis,
806 1975 962 2044 imponant,
994 1989 1096 2042 eosque

121 2053 204 2107 rebus
224 2068 257 2105 ac
282 2053 418 2122 personis,
445 2052 544 2122 quibus
571 2051 748 2106 cummaxime
773 2052 884 2119 volunt,
913 2050 1044 2104 interesse
1070 2053 1097 2103 et

122 2269 160 2319 les
185 2266 362 2333 compilateurs
389 2261 535 2315 d’Homdro.
585 2263 800 2315 Non-seulement
827 2263 889 2314 dans
915 2262 941 2313 le
974 2269 1041 2313 reste
1068 2259 1100 2312 do

122 2335 223 2386 l’lliade
241 2351 272 2384 on
291 2336 343 2384 voit
361 2349 409 2398 peu
428 2332 460 2382 de
478 2344 563 2383 traces
581 2333 613 2384 de
625 2341 667 2383 cet
678 2339 728 2382 art:
748 2332 792 2399 (no
811 2332 919 2394 mireris,
932 2331 999 2398 quod
1010 2343 1100 2394 pauco

121 2404 227 2469 vestigia
246 2403 309 2452 dicit
327 2417 393 2460 esse,
417 2417 483 2465 quae
500 2401 576 2452 nullo
593 2409 667 2460 sunt3
686 2401 721 2451 its
738 2401 885 2466 loquuntur,
904 2401 1015 2465 quinon
1034 2397 1101 2449 certi

122 2480 182 2523 suut
199 2470 339 2522 sententiae
357 2470 443 2530 suam)
461 2470 525 2520 mais
539 2469 605 2536 j’oso
622 2473 727 2520 avonem
739 2486 790 2535 que
806 2475 876 2519 toute
888 2468 1025 2534 l'Odyssele
1035 2465 1102 2517 n'est

122 2540 200 2606 qu’un
219 2539 283 2590 tissu
301 2537 332 2588 de
350 2537 443 2587 becses
462 2547 487 2587 et
505 2537 639 2604 d’inepties
658 2536 751 2604 qu’une
770 2537 844 2588 lettre
861 2553 895 2587 ou
912 2536 978 2587 deux
995 2539 1101 2586 eussent

122 2607 205 2659 reduit
223 2625 254 2658 en
272 2605 364 2666 tumes,
383 2621 416 2654 au
434 2604 485 2655 lieu
500 2605 576 2672 qu'on
588 2606 649 2656 rond
662 2622 691 2656 co
703 2609 792 2671 pobme
806 2605 969 2656 raisonnable
981 2611 1007 2654 et
1018 2602 1101 2654 meme

123 2693 195 2727 assez
212 2675 270 2726 bien
290 2671 408 2732 conducit,
426 2689 458 2723 en
475 2682 617 2740 supposant
634 2690 683 2740 que
701 2691 742 2724 ses
761 2674 835 2726 heros
854 2673 923 2724 aient
942 2672 1032 2738 ignore
1056 2669 1101 2728 Γό-

122 2744 219 2795 criture.
256 2743 285 2793 Si
303 2740 401 2792 l’lliade
419 2741 463 2792 etit
481 2743 525 2793 dte
548 2742 637 2804 terite,
662 2741 711 2792 olle
735 2743 779 2792 etit
802 2741 843 2794 dte
866 2744 998 2806 beaucoup
1016 2740 1101 2790 moins

122 2813 240 2871 obantes,
258 2813 295 2860 les
312 2806 461 2873 Rhapsodos
479 2820 583 2862 eussent
601 2810 642 2862 ete
660 2812 741 2861 moins
753 2810 903 2861 recherches
916 2816 940 2860 et
952 2826 980 2859 se
991 2806 1102 2859 seroient

122 2881 203 2931 moins
222 2877 372 2944 multiplicis.
405 2874 499 2929 Aucun
518 2888 590 2929 autre
607 2879 686 2929 Po'e'te
704 2877 746 2928 n'a
764 2878 805 2930 dte
823 2879 887 2929 ainsi
904 2878 1011 2937 chunst,
1030 2877 1053 2926 si
1070 2889 1102 2925 ce

121 2950 185 3000 n'est
202 2947 227 2997 le
246 2947 326 2996 Tasso
344 2945 360 2994 a
377 2943 484 3005 Venise;
508 2963 599 2997 encore
616 2949 734 2998 n'est-ce
757 2964 806 3013 que
828 2964 873 3013 par
893 2947 932 2997 les
950 2941 1102 2996 (londoliers

122 3017 166 3082 qui
194 3031 228 3065 nc
256 3024 313 3064 sont
341 3027 387 3077 pas
416 3016 511 3078 grands
541 3017 656 3066 lecteurs.
688 3043 719 3051 -
750 3013 799 3066 Les
827 3017 938 3066 Poemes
964 3011 1103 3064 d'Hombro

121 3085 246 3136 rostbrcnt
255 3083 409 3148 longe-tems
421 3083 494 3134 ecrite
513 3083 653 3134 seulement
670 3083 733 3134 dans
744 3083 771 3132 la
783 3082 903 3134 mdmoire
915 3083 959 3132 des
971 3082 1086 3131 hommes
1091 3093 1100 3136 ;

122 3153 154 3203 ils
172 3152 257 3201 iurent
281 3149 436 3201 russembles
460 3168 506 3216 par
529 3152 591 3202 ecrit
614 3167 683 3201 asser
706 3151 762 3202 tard
785 3160 811 3202 et
833 3167 895 3201 areo
916 3149 1048 3214 beaucoup
1070 3145 1103 3195 dc

122 3221 205 3286 peine.
242 3219 278 3269 Ge
293 3217 332 3268 lut
356 3219 441 3281 quand
459 3221 484 3270 la
506 3220 587 3270 Grecs
610 3235 755 3285 commarca
774 3218 909 3269 d'abondor
927 3234 959 3268 en
977 3217 1051 3266 livrss
1075 3219 1103 3262 et

122 3306 154 3339 en
172 3287 259 3356 poesie
278 3287 372 3344 ecrite,
402 3304 451 3354 que
473 3297 528 3339 tout
551 3288 575 3339 le
602 3288 703 3338 oharme
727 3289 759 3337 de
781 3287 846 3338 celle
864 3286 1000 3336 d'Homere
1023 3300 1051 3334 so
1070 3279 1103 3332 hs

123 3358 202 3407 sentis
226 3372 271 3422 por
294 3359 474 3422 comparaison.
515 3356 564 3407 Les
589 3365 674 3406 autres
697 3356 790 3406 Polites
813 3353 963 3416 eorivoient,
986 3351 1101 3402 Homero

123 3425 178 3476 seul
196 3425 263 3475 auoit
280 3424 383 3488 chance,
399 3432 424 3475 et
441 3441 482 3476 ces
501 3426 590 3475 ebants
609 3425 690 3475 divius
708 3422 779 3473 n'ont
801 3423 873 3473 cesse
897 3420 975 3472 d’btre
997 3419 1103 3471 ecoutes

107 3509 183 3561 *avec
201 3495 366 3546 rasissement
384 3509 434 3561 quc
452 3493 537 3560 quand
556 3492 678 3557 l’Europe
695 3490 755 3542 s'est
774 3497 896 3542 converte
917 3490 949 3542 de
972 3488 1102 3546 barbares,

123 3562 166 3627 qui
184 3578 212 3612 se
230 3571 289 3613 sont
306 3563 387 3614 mele's
405 3561 438 3612 de
452 3563 532 3628 juger
549 3577 578 3612 ce
596 3560 671 3628 qu’ils
689 3575 722 3610 nc
739 3560 879 3626 pouvoient
895 3559 1001 3612 seutir.“
