2694 4116
639 365 685 385 —·
719 345 776 404 1ou·
815 365 858 386 --

258 508 310 563 bus
323 514 420 578 postea
433 506 531 562 eruditi
542 505 643 563 alumni
656 504 837 564 Alexandriae
851 514 993 577 tantopere
1007 507 1230 579 laborabant⁸¹),

259 585 360 641 iamin
380 583 605 654 philosophorum
625 590 653 639 et
673 583 860 654 sophistarum
885 585 985 640 scholis
1012 584 1145 640 celebrari
1167 602 1230 642 coe-

257 661 338 730 pisse.
377 661 436 717 Nec
460 661 569 716 aliunde
594 659 717 716 ducende
740 668 803 716 sunt
825 662 902 716 initia
921 661 1008 716 critici
1027 661 1126 730 studii,
1154 662 1230 732 quod

258 739 333 808 ipsae
352 737 416 794 illac
436 733 544 803 ἀπορίαι
560 736 651 792 multis
671 737 697 792 iu
718 738 786 792 locis
806 755 976 793 commovere
997 743 1153 807 potuerunt.

333 815 412 870 Duae
432 813 585 869 huiusmodi
604 813 806 871 emendationes
824 821 970 885 supersunt
989 813 1110 884 Hippiae
1123 814 1228 882 Thasii,

149 891 156 898 '
258 907 373 960 quarum
392 891 504 946 alterius
524 907 557 945 ne
577 889 667 963 locum
681 891 788 960 quidem
801 891 990 959 inveniremus,
1012 890 1092 960 (adeo
1107 897 1230 946 mutatu-s

258 972 300 1021 est
319 974 408 1022 textus
432 969 551 1038 noster),
577 966 629 1020 nisi
655 984 715 1022 eum
735 965 898 1023 Aristoteles
924 967 953 1021 iu
977 973 1134 1022 transcursu
1160 968 1229 1022 indi·

257 1043 399 1114 cassem).
438 1044 489 1098 Est
507 1045 554 1098 ille
573 1043 607 1097 ΙΙ.
626 1039 655 1106 β.
675 1042 723 1103 15.,
749 1045 796 1098 ubi
821 1050 878 1098 tum
897 1061 947 1113 pro
968 1044 1072 1110 verbis,
1101 1035 1230 1109 Τρώεσσι

258 1115 289 1170 de
306 1116 379 1188 κήδε’
398 1117 525 1186 ἐφῆπται,
546 1120 688 1191 legebatur
707 1119 764 1175 fers
784 1127 816 1175 ut
828 1135 858 1184 φ.
877 1120 937 1179 297,
950 1116 1057 1179 δίδομεν
1067 1115 1098 1168 δέ
1109 1117 1134 1168 οἱ
1146 1115 1231 1188 εὖχος

255 1191 382 1261 ἀρέσθαι.
413 1196 528 1266 Impium
548 1198 710 1267 putabatur,
730 1198 823 1252 lovem
843 1199 886 1252 bis
905 1197 997 1252 verbis
1016 1197 1045 1252 id
1064 1197 1144 1267 plane
1166 1216 1229 1268 pro·

255 1273 370 1342 mittere,
392 1274 465 1344 quod
486 1280 643 1329 eventurum
663 1292 718 1329 uon
737 1280 823 1343 esset3
848 1275 925 1345 qnasi
950 1275 977 1328 iu
1005 1275 1103 1328 ceteris
1123 1274 1230 1345 Iupiter

257 1366 336 1404 secus
360 1355 453 1422 ageret
476 1367 537 1404 oum
557 1349 761 1420 Agamemnone
788 1367 868 1420 quam
888 1351 994 1406 Iehova
1021 1368 1082 1404 cum
1107 1349 1228 1406 Achabo

255 1425 279 1480 1.
298 1427 385 1498 Regg.
405 1425 505 1480 XXII.
533 1425 588 1480 Sed
601 1427 727 1498 Hippias,
742 1428 864 1483 acumine
876 1427 982 1483 artibus
994 1426 1119 1498 Loyolae
1134 1427 1227 1498 digno,

171 1509 175 1515 '
255 1503 368 1557 verbum
388 1500 494 1563 δίδομεν
515 1505 629 1558 mutavit
645 1505 672 1558 in
691 1500 807 1566 διδόμεν,
826 1505 987 1560 infinitivum
999 1521 1049 1574 pro
1064 1503 1228 1574 imperativo

255 1579 455 1648 accipiendum,
470 1584 500 1633 ut
520 1580 699 1649 transpositus
719 1588 847 1636 accentus
866 1581 974 1651 culpam
994 1579 1096 1634 fraudis
1117 1598 1134 1634 a
1154 1581 1228 1635 Jove

254 1655 380 1728 reiiceret
403 1655 430 1708 iu
456 1650 620 1710 Somnium
649 1655 730 1711 Alter
755 1657 831 1712 locus
857 1665 899 1712 est
922 1655 951 1720 ψ.
970 1655 1040 1717 328„
1059 1657 1095 1711 ab
1120 1657 1169 1712 illo
1190 1658 1230 1712 ita

255 1737 394 1787 correctus
411 1740 443 1786 nt
462 1732 543 1787 hodie
563 1732 670 1804 legitur.
707 1734 762 1789 Ubi
782 1735 805 1788 si
825 1733 940 1804 Hippias
960 1734 1061 1803 primns
1083 1733 1147 1788 olim
1168 1734 1228 1788 vnl-

255 1814 348 1880 gatnm
372 1803 404 1858 od
422 1809 538 1879 expulit,
565 1810 727 1880 aequalesve
754 1812 812 1864 eius
835 1811 901 1866 alias
928 1811 997 1864 tales
1025 1810 1176 1878 scripturas
1199 1812 1226 1864 iu

256 1885 386 1956 exemplis
406 1888 461 1941 suis
475 1894 667 1958 propagarunt,
687 1887 775 1958 qualis
795 1904 880 1958 nuper
900 1905 935 1942 ex
953 1882 1098 1941 πολιτικοῖς
1116 1890 1228 1958 cognita

255 1967 296 2016 esi
315 1962 342 2016 ln
362 1977 392 2027 P·
410 1961 475 2018 ¹154·v
487 1957 668 2029 θηλυτεράων
683 1981 732 2034 pro
746 1963 922 2018 Aristarchea
940 1957 1128 2028 τηλεδαπάων,
1145 1965 1227 2018 facile

254 2037 413 2108 intelligitur
433 2057 466 2092 ex
486 2041 528 2095 his
548 2041 752 2109 speciminibus,
780 2058 862 2110 quam
886 2040 975 2110 turpia
1000 2040 1066 2094 vitia
1089 2040 1228 2096 haeserint
1334 2073 1335 2104 ,

254 2113 283 2168 iu
302 2115 431 2182 exemplis
450 2115 530 2170 huius
549 2118 657 2171 aetatis.
696 2115 751 2171 Sed
776 2117 810 2172 de
835 2116 888 2172 illis
913 2118 990 2187 plura
1009 2117 1074 2171 licet
1093 2117 1227 2188 suspicari
1334 2149 1335 2176 r

255 2206 335 2260 qnam
355 2191 432 2246 scire.
472 2191 561 2261 Quum
581 2199 671 2247 autem
692 2209 739 2248 eos
759 2210 868 2264 quoque
888 2194 964 2248 locos
977 2193 1099 2264 Homeri,
1121 2194 1170 2264 qui
1189 2195 1226 2250 ab

254 2265 398 2321 Herodoto
414 2273 441 2322 et
454 2268 513 2322 aliis
527 2269 725 2342 antiquioribus
739 2270 918 2338 scriptoribus
927 2267 1079 2336 laudantur,
1094 2287 1149 2325 uon
1162 2287 1225 2324 raro

253 2358 270 2394 a
289 2341 405 2398 librariis
425 2343 459 2398 ud
479 2344 619 2415 vulgarem
637 2347 751 2401 formum
771 2354 861 2400 textus
881 2353 1000 2401 mutatos
1021 2363 1079 2400 csse
1099 2364 1133 2402 ex
1152 2348 1225 2416 ipso·

249 2435 312 2472 rum
332 2418 457 2476 codicum
476 2421 612 2492 hodieque
633 2422 801 2477 exstantibus
820 2423 909 2476 lituris
928 2430 1069 2492 appareat,
1089 2441 1171 2494 quum
1186 2424 1225 2476 di-

252 2512 359 2550 versum
379 2496 454 2552 illum
474 2498 594 2552 habituri
614 2516 741 2565 essemus,
766 2499 789 2552 si
810 2515 843 2552 ex
862 2499 1034 2554 bibliotheca
1047 2499 1161 2554 alicuius
1175 2499 1225 2554 So-

252 2570 357 2638 phistee
378 2575 422 2630 vel
440 2575 547 2646 pulchri
567 2574 775 2646 Euthydemi⁸⁴)
798 2575 963 2646 descriptum
985 2576 1185 2645 acciperemus!

330 2665 399 2722 Nam
426 2667 480 2722 illis
499 2668 554 2722 iam
573 2669 739 2738 temporibus
759 2669 868 2739 vigente
888 2669 1000 2724 libraria
1020 2669 1138 2739 quadam
1157 2687 1226 2726 mer·

255 2746 364 2808 cetura,
389 2742 461 2797 haud
487 2745 568 2798 dubie
594 2745 674 2813 copia
698 2745 890 2816 exemplarium
910 2745 962 2799 luit
981 2746 1054 2815 apud
1074 2745 1225 2800 litteratum

256 2833 400 2886 quemque,
419 2819 446 2872 in
466 2822 558 2889 primis
573 2821 644 2891 apud
658 2822 804 2891 magistros
818 2821 981 2890 scholarum,
1003 2823 1049 2892 qui
1070 2829 1151 2878 antea
1171 2839 1225 2877 me·
1308 2885 1311 2890 ¹

251 2893 362 2948 menter
383 2895 471 2949 omnia
490 2898 642 2966 praeierant
662 2898 810 2968 discipulis.
849 2898 920 2952 Hinc
940 2907 982 2952 est
1001 2905 1067 2953 nota
1086 2899 1127 2952 ira
1146 2897 1223 2953 Alci-

253 2968 341 3024 biadis
360 2971 387 3025 iu
407 2971 542 3027 hominem
561 2973 633 3028 illius
653 2975 770 3044 ordinis,
791 2975 864 3045 apud
886 2992 965 3044 quem
985 2992 1069 3044 quum
1088 2992 1123 3030 ne
1143 2993 1225 3030 nuum

326 3183 359 3252 ο)
376 3185 510 3253 Porphyrii
527 3185 612 3238 senor.
629 3187 662 3238 aa
680 3188 709 3239 u.
728 3204 743 3239 t.
762 3189 822 3244 ses.

324 3269 357 3325 ³³!
376 3269 440 3323 lbid.
464 3273 504 3328 25.
528 3281 554 3322 et
576 3289 660 3337 praec.
683 3273 788 3324 illenelr.
812 3273 916 3339 sophist.
939 3291 965 3339 p.
988 3274 1048 3328 284.
1071 3274 1108 3336 0.,
1129 3275 1176 3326 nbi
1199 3292 1224 3325 v.

251 3335 323 3389 Psoii
339 3337 478 3390 comment.
495 3339 587 3406 analyt.
605 3341 637 3392 sd
655 3340 774 3408 Orgauou
793 3360 818 3408 p.
838 3341 896 3396 485.
922 3341 951 3392 ln
969 3341 1016 3392 illo
1034 3358 1089 3408 cap.
1103 3343 1224 3395 Politioes

252 3403 328 3470 plura
344 3417 403 3458 sunt
420 3406 557 3460 lirmsudss
575 3417 673 3460 nostrae
690 3410 805 3477 opinioni
823 3409 855 3460 de
866 3409 1017 3476 antiquitate
1028 3409 1224 3462 Homericnrnm

256 3470 458 3540 προβλημάτων
476 3483 502 3528 et
519 3474 636 3530 λύσεων.
867 3480 871 3490 “

324 3556 357 3622 ⁸⁴)
374 3558 491 3627 Xenopb.
508 3559 544 3612 M.
562 3561 588 3612 S.
606 3561 651 3622 lv,
669 3563 694 3624 2,
713 3566 736 3617 l.
