2702 4124
541 338 732 390 ...15-

150 515 176 547 ν.
196 494 261 548 346.
284 495 466 567 τετεόχατον,
485 495 510 556 Ε.
530 498 594 552 168.
614 499 678 566 τόν,
697 519 725 552 π.
744 500 809 554 463.
829 501 879 565 μέν
905 496 1037 552 intrusum
1061 503 1125 552 ente

148 569 308 638 ἀγακλειτόν
332 573 384 622 etc.
405 570 432 622 in
453 570 552 638 quibus
571 571 670 626 factam
691 573 886 628 correctionem
899 573 1023 628 Venetus
1037 580 1065 629 et
1078 574 1124 629 alii

149 649 248 713 postea
262 643 356 699 collati
370 645 479 700 codices
493 646 661 703 confirmant.
681 649 802 704 Primum
816 651 907 720 potius
918 667 1026 704 censam
1037 667 1125 706 meam

149 719 250 773 tenebo
271 719 304 774 iis
329 722 469 792 exemplis,
490 740 604 792 quorum
624 725 692 780 vitia
704 743 759 780 non
774 726 903 781 orationis
917 726 961 780 vel
975 727 1124 782 sententiae

150 797 309 864 pravitate,
331 797 379 851 sed
400 799 465 854 solis
485 799 646 855 testimoniis
666 810 695 858 et
713 803 876 858 auctoritate
896 802 1025 857 librorum
1046 821 1125 874 ergu-

148 877 240 926 untur.
291 874 359 942 Quis
381 875 452 929 enim
471 876 548 930 verbi
575 893 657 932 cause
680 879 714 933 Il.
736 903 762 937 ο.
782 885 827 936 91.
845 883 886 936 ἐνὶ
903 888 1015 954 στρατῷ
1039 887 1126 935 mutet

147 948 177 1000 in
195 943 313 1023 Ἀχαιῶν,
334 955 365 1020 β.
385 956 449 1008 865.
471 955 669 1024 Πυλαιμένεος,
689 957 716 1012 iu
739 958 931 1025 Ταλαιμένεος,
949 977 975 1029 γ.
996 961 1059 1014 220.
1081 961 1126 1020 ζά-

148 1031 230 1084 κοτόν
250 1049 312 1083 τινα
330 1030 445 1094 ἔμμεναι
465 1029 492 1082 in
512 1035 626 1093 ζάκοτόν
645 1037 678 1088 τέ
695 1037 749 1090 τιν’
769 1038 894 1103 ἔμμεναι,
918 1038 942 1090 ό.
961 1038 1026 1090 435.
1047 1037 1125 1090 eroo-

149 1104 280 1158 cererin
300 1108 456 1174 ἀκούουσαι,
476 1127 499 1162 ε.
520 1112 582 1163 159.
604 1113 681 1172 υἱοὺς
699 1111 726 1164 iu
744 1113 814 1180 υἷας,
834 1115 936 1174 ζ.380.
957 1117 984 1164 et
997 1115 1061 1167 385.
1082 1115 1126 1171 ἐύ-

148 1183 279 1246 πλόκαμοι
296 1181 323 1233 ἰι]
337 1184 515 1252 ἐϋπλόκαμον,
539 1208 565 1259 η.
581 1190 645 1243 284.
660 1180 776 1262 Ἕκτορα
789 1189 816 1242 in
824 1189 938 1261 Ἕκτορι,
960 1187 1052 1257 (quem
1066 1204 1124 1242 ver·

148 1273 209 1308 sum
230 1256 331 1326 duplici
352 1274 442 1313 errore
467 1262 602 1330 pervertit
625 1263 800 1334 Ernestius,)
826 1269 853 1320 3.
875 1269 901 1320 4.
930 1268 986 1332 ἅμα
1010 1263 1037 1317 in
1064 1267 1123 1333 ὑπό,

149 1347 169 1388 t.
186 1337 251 1391 680.
266 1333 355 1402 (676.)
378 1335 428 1402 ἅμ’
444 1338 598 1412 Ἀργείοισιν
617 1339 645 1393 in
664 1343 693 1394 ἐν
712 1342 790 1415 Ἇργ,
807 1364 831 1397 κ.
847 1346 910 1398 256.
932 1345 1012 1415 νηυσί
1025 1341 1052 1394 in
1072 1346 1123 1416 νηΐ,

147 1412 171 1464 λ.
190 1413 256 1466 466.
275 1415 345 1485 ἀϋτή
364 1410 391 1463 in
409 1418 495 1487 φωνή,
513 1438 541 1482 μ,
557 1420 582 1471 9.
602 1428 641 1492 τῷ
658 1424 683 1475 κ’
702 1421 763 1474 οότι
781 1419 808 1471 in
826 1423 858 1474 τὸ
875 1422 918 1474 καὶ
935 1419 1002 1488 οὔτι,
1022 1441 1044 1476 ν,
1060 1417 1124 1475 791.

151 1485 325 1561 Πολυφοίτην
346 1489 372 1542 in
394 1489 557 1564 Πολυφήτην
565 1533 573 1559 ,
597 1496 622 1556 ξ.
642 1502 705 1553 506.
728 1499 779 1552 ὑπὸ
793 1499 906 1570 χλωρὸν
931 1499 994 1557 δέος
1016 1497 1073 1550 εἷλε
1097 1497 1125 1550 in

149 1565 202 1618 ens
222 1568 325 1635 τρόμος
343 1567 443 1634 ἔλλαβε
460 1573 540 1637 γυῖα,
564 1591 587 1624 0.
610 1576 673 1629 510.
694 1577 874 1647 αυτοοχεοιμ
895 1559 921 1625 in
948 1575 1123 1646 ααοσχεοιῃ,

91 1705 94 1710 ¹
147 1663 177 1695 π.
198 1645 263 1697 510.
284 1647 368 1705 αἰνῶς
385 1643 411 1695 in
432 1648 514 1700 αὐτόν
522 1687 530 1712 ,
553 1668 581 1719 ρ.
602 1653 665 1705 266.
686 1654 772 1722 τόσση
796 1650 852 1722 ἄρα
872 1649 972 1720 Τρώων
995 1652 1058 1722 ἰαχὴ
1081 1653 1123 1719 γέ·

148 1738 214 1772 νετο
233 1717 260 1770 in
281 1723 370 1794 τόσσῃ
390 1721 447 1794 ἄρα
468 1722 565 1796 Τρῶες
582 1727 647 1800 ἰαχῇ
666 1728 737 1795 ἴσον,
756 1748 783 1781 σ.
802 1731 847 1781 63-
868 1727 917 1780 leo
935 1748 967 1781 τε
986 1725 1014 1777 in
1034 1727 1124 1794 ἴδοιμι,

148 1817 174 1850 τ.
196 1798 261 1850 393.
284 1799 431 1867 ζεύγνυσαν
453 1798 480 1850 in
502 1803 640 1870 ζεύγνυον,
658 1827 682 1862 υ.
700 1807 764 1859 308.
785 1805 882 1863 παῖδες
899 1805 999 1856 παίδων
1018 1801 1045 1853 in
1067 1807 1123 1857 παῖ·

149 1875 203 1926 διον
223 1875 328 1942 παῖδες,
347 1895 375 1944 φ.
397 1879 441 1930 33.
462 1881 664 1944 κατακτάμεναι
681 1880 708 1931 iu
726 1882 890 1945 δαϊζέμεναι,
906 1898 935 1951 χ.
952 1882 996 1932 59.
1015 1879 1123 1950 ἐλέαιρε

147 1949 175 2000 in
194 1950 316 2020 ἐλέησον,
334 1956 364 2020 φ.
379 1955 443 2006 362.
465 1949 582 2007 ἵπποισιν
605 1954 631 2006 in
651 1957 759 2024 ἵπποιιν,
777 1977 807 2010 ιυ.
823 1957 886 2008 526.
907 1957 1078 2027 ἀχνυμένους
1095 1956 1123 2007 in

147 2029 366 2100 ἀχνυμένοις-
387 2028 456 2096 quis,
477 2028 594 2096 inquam,
617 2028 685 2084 haec
705 2035 735 2084 et
755 2029 852 2084 similia
869 2030 954 2083 multa
967 2029 1005 2083 ita
1018 2037 1123 2084 mutare

148 2101 229 2170 ausit,
249 2119 339 2172 quum,
355 2110 415 2159 utra
435 2105 502 2158 utris
522 2112 670 2174 praestent,
692 2123 724 2160 ex
738 2106 803 2176 ipsis
817 2105 863 2160 vix
876 2105 1050 2176 intelligetur,
1071 2106 1122 2160 nisi

147 2179 199 2232 has
219 2181 383 2234 mutationes
403 2182 449 2236 vel
468 2181 631 2236 Eustethius
654 2190 680 2238 ct
701 2183 884 2251 Scholiastoe,
911 2183 955 2236 vel
977 2183 1123 2252 scriptores

149 2253 257 2322 Graeci,
279 2257 325 2325 qui
345 2264 449 2326 partem
468 2257 576 2311 illorum
601 2278 728 2314 versuum
747 2259 876 2327 afferunt,
897 2259 941 2312 vel
962 2259 1124 2330 exemplaria

148 2331 266 2402 plurima
286 2339 313 2385 et
333 2334 435 2402 optima
454 2334 512 2388 fieri
533 2335 664 2390 iubeant?
699 2337 779 2390 Hanc
798 2336 885 2404 legem
911 2335 933 2387 si
961 2335 1051 2390 valere
1078 2353 1123 2390 ne·

149 2407 239 2478 garis,
265 2425 394 2480 negamus
415 2409 534 2464 vicissim
559 2429 618 2466 esse
648 2429 801 2482 quenquam
826 2412 907 2465 ullius
932 2413 1049 2466 nationis
1076 2420 1124 2466 eut

149 2485 248 2538 aetatis
268 2487 437 2556 scriptorem,
460 2489 505 2557 qui
526 2505 579 2542 non
599 2489 739 2558 probabili
759 2488 914 2542 coniectura
935 2505 952 2540 a
970 2488 1049 2542 nobis
1064 2505 1123 2542 eor-

149 2562 202 2632 rigi
222 2561 360 2632 eleganter
380 2571 463 2632 atque
482 2564 640 2635 interpolari
661 2573 753 2636 quest.

228 2637 459 2708 Interpolatorum
480 2641 588 2709 quidem
610 2660 735 2697 versuum
756 2642 802 2696 hic
822 2642 903 2696 modo
925 2646 1044 2710 quatuor
1062 2657 1123 2710 spe·

151 2715 250 2769 cimina
270 2715 350 2784 dabo,
371 2716 406 2770 Il.
428 2739 455 2772 α.
470 2721 535 2773 265.
555 2722 583 2788 β.
598 2723 661 2777 168.
684 2735 711 2783 φ.
726 2724 792 2776 480.
813 2718 914 2789 Odyss.
928 2721 956 2787 β.
973 2723 1035 2774 191.
1066 2718 1123 2772 Ho-

150 2809 211 2846 rum
224 2791 327 2861 priores
349 2793 403 2847 duo
424 2801 538 2863 apparet
559 2795 645 2849 bonos
666 2810 725 2851 esse
745 2804 773 2850 et
794 2795 862 2849 locis
882 2796 937 2848 suis
959 2793 1123 2864 aptissimos,

150 2869 264 2922 alterum
285 2869 365 2922 etiam
385 2871 465 2939 plane
484 2870 669 2939 Homericum,
690 2872 814 2926 nimirum
834 2871 978 2941 repetitum
999 2888 1032 2924 ex
1052 2871 1124 2940 prin·

150 2945 223 3014 cipio
244 2944 322 3014 libri;
342 2946 451 3000 tertium
471 2963 525 3000 non
546 2948 633 3003 miuus
653 2949 837 3017 Homericum,
859 2956 886 3002 et
914 2955 969 3001 tam
989 2947 1058 3002 bene
1079 2964 1123 3001 co·

150 3021 307 3075 haerentem
326 3029 492 3090 structurae,
519 3031 550 3078 ut
570 3033 732 3095 expunctum
752 3042 839 3096 prope
859 3025 968 3092 doleas3
996 3031 1124 3093 quartum

152 3097 214 3150 deni
236 3114 268 3152 ue
288 3115 339 3152 nec
358 3102 475 3154 numeris
495 3100 593 3154 malum
614 3119 702 3171 neque
728 3102 876 3169 sententia,
904 3100 927 3154 si
953 3100 1034 3154 modo
1063 3117 1124 3154 cum

150 3115 261 3228 Clariiio
273 3175 388 3246 retinges
404 3181 559 3252 δυνήσεται.
583 3178 637 3233 sed
651 3179 679 3231 hi
693 3196 786 3232 versus
801 3195 894 3233 omnes
909 3183 938 3231 ut
951 3177 995 3231 vel
1009 3176 1122 3230 maxime

150 3250 295 3304 videantur
314 3252 453 3307 Homerici
474 3271 547 3322 csse,
569 3260 731 3309 nontamen
752 3262 815 3309 sunt
834 3255 960 3309 Homeri:
981 3253 1032 3306 nisi
1053 3252 1123 3308 forte

148 3327 223 3380 illius
243 3333 299 3396 eet,
326 3330 457 3400 quidquid
479 3336 552 3388 1000
567 3331 643 3386 annis
663 3337 726 3401 post
752 3332 867 3390 fortasse
893 3331 1000 3384 aemulo
1026 3328 1124 3398 spiritu

151 3403 272 3458 effictum
294 3421 352 3460 esse
371 3406 424 3462 fide
438 3408 569 3462 librorum
585 3415 700 3476 constet,
721 3414 768 3461 eut
788 3409 810 3460 si
830 3425 899 3477 quos
919 3405 1032 3460 Homeri
1053 3407 1123 3461 simi-

118 3535 126 3554 ,
150 3481 191 3535 les
211 3497 307 3536 versus
327 3481 541 3538 Rhodomannue
561 3485 627 3539 lecit
649 3485 676 3537 in
697 3484 852 3538 Palaestina
874 3500 931 3537 sua.
976 3483 1047 3538 Nem
1071 3485 1124 3554 pri-

152 3575 212 3614 mus
233 3557 340 3614 illorum
361 3576 378 3614 a
391 3559 527 3632 plerisque
542 3560 665 3632 probatis
677 3559 753 3615 libris
768 3559 854 3627 abest,
874 3576 962 3630 neque
977 3577 1037 3615 eum
1052 3562 1124 3616 ullus
