2702 4124
501 331 693 418 ’'‚53-

105 490 155 546 Ae
172 489 297 561 profecto
319 489 342 545 si
362 489 441 544 aliter
462 505 491 544 se
512 505 556 544 res
575 487 692 544 haberet
711 487 740 542 in
758 488 923 558 prosteriora
936 490 1007 559 loco,
1028 505 1083 544 non

106 575 212 624 temere
232 566 255 621 is
275 567 355 621 alicui
376 566 527 638 suspicioso
548 565 727 636 interpolatus
746 565 791 619 vel
805 564 991 636 aliquomodo
1005 565 1083 620 vitia·

104 651 154 700 tus
173 643 259 698 videri
278 649 380 713 posset.
411 643 488 714 Quae
508 641 627 713 suspicio
642 659 725 713 quum
739 641 826 712 ipsam
841 643 961 712 speciem
972 643 1083 698 tolleret

104 721 213 792 vulgati
233 720 317 774 moris
337 720 503 788 litterarum,
531 718 660 790 (speciem
680 717 741 772 dico
762 718 843 772 auius
862 721 1009 790 exemplam
1029 720 1083 790 epi·

103 797 213 866 stolae)
234 797 393 866 nullumque
413 797 487 866 apud
506 800 617 867 poetam
635 795 779 865 vestigium
795 811 887 850 earum
901 796 1084 866 relinqueret3

105 873 175 928 nihil
196 873 303 928 omnino
324 872 452 943 praesidii
472 877 627 942 superesset
648 870 799 926 contrariae
820 872 956 942 opinioni,
977 873 1028 927 nisi
1049 889 1083 928 ex

104 952 170 1022 ipsa
194 949 246 1005 bac
272 957 349 1004 tanta
374 949 543 1020 longitudine
570 948 685 1004 duorum
711 947 882 1016 carminum,
910 966 980 1018 quaa
1007 950 1082 1003 nullo

106 1026 191 1082 modo
219 1026 348 1082 credibile
374 1026 499 1080 videatur
524 1027 581 1080 sine
607 1025 680 1078 illius
707 1024 772 1080 artis
798 1025 898 1079 auxilio
922 1032 970 1079 aut
989 1025 1083 1097 perfici

105 1110 157 1160 aut
183 1103 218 1158 ad
245 1103 432 1175 posteritatem
459 1102 539 1173 prodi
563 1101 695 1172 potuisse.
745 1103 787 1155 Ea
813 1107 904 1157 autern
930 1102 1083 1156 ratiuncula

106 1198 190 1251 quem
210 1181 280 1235 levis
294 1180 330 1233 sit
350 1187 377 1235 et
403 1179 497 1249 primis
523 1179 631 1250 legibus
656 1177 788 1233 historiae
812 1194 980 1249 repugnans,
1008 1177 1082 1232 docti

103 1257 265 1326 indoctique
284 1255 381 1310 sciunt.

184 1333 246 1388 Iam
265 1349 330 1387 vero
350 1350 405 1387 non
424 1332 506 1388 modo
526 1333 630 1388 nullum
649 1331 704 1386 tale
724 1331 752 1386 in
765 1331 887 1388 Homero
905 1337 993 1388 exstat
1006 1331 1082 1386 testi-

105 1410 229 1464 moninm
247 1409 286 1463 rei
308 1410 351 1464 vel
371 1409 529 1480 vestigium,
555 1411 658 1464 nullum
678 1425 712 1462 ne
733 1409 953 1464 tenuissimorum
973 1408 1083 1480 quidem

105 1487 244 1540 initiorum
264 1485 402 1556 legitimae
416 1486 568 1556 scripturae
582 1488 628 1542 vel
642 1484 755 1542 Cadmei
768 1484 928 1556 muneris⁵⁰)
944 1485 1082 1554 indicium,

105 1563 164 1632 sed,
187 1562 261 1632 quod
282 1563 363 1632 longe
384 1563 491 1618 maximi
511 1565 639 1618 momenti
662 1565 711 1631 est,
733 1564 869 1620 contraria
888 1563 970 1617 etiam
983 1561 1082 1616 omnia.

104 1639 248 1710 Nusquam
261 1641 425 1694 vocabulum
439 1641 517 1710 libri,
538 1660 670 1714 nusquam
689 1642 829 1710 scribendi,
848 1657 982 1709 nusquam
995 1638 1081 1692 lectio-

104 1717 157 1785 nis,
178 1733 312 1785 nusquam
333 1717 483 1792 litterarum
491 1717 541 1788 ⁵1):
562 1720 630 1775 nibil
649 1721 677 1776 in
696 1726 739 1775 tot
759 1718 877 1772 millibus
897 1733 1024 1771 versuum
1045 1713 1081 1769 ad

175 1925 208 1990 ⁶⁰)
228 1924 333 1991 Semper
350 1924 413 1976 mihi
430 1926 537 1976 maxime
554 1925 644 1976 mirum
662 1923 742 1974 visum
754 1930 800 1982 est,
820 1923 865 1988 qui
877 1921 934 1972 fieri
946 1919 1081 1986 potuisset,

106 1996 129 2045 si
147 1993 235 2044 sabula
253 1994 301 2044 ista
318 1993 350 2043 de
368 1993 462 2044 Cadmo
480 2002 529 2045 tam
548 2001 646 2045 vetusta
664 2000 731 2042 esset
748 2007 824 2057 quem
846 1990 947 2051 volunt,
971 1996 1001 2038 ut
1023 2003 1081 2038 eam

105 2069 143 2113 tot
160 2062 251 2112 Graeci
268 2065 359 2130 podiae
376 2079 478 2127 prorsus
501 2063 621 2113 intactam
643 2058 822 2126 relinquerent.
856 2058 886 2109 Id
909 2073 967 2109 vero
990 2056 1081 2112 fecisse

105 2146 204 2192 ornnes,
222 2148 273 2182 nou
291 2131 366 2182 modo
378 2147 430 2192 eos,
449 2148 512 2196 quos
524 2131 607 2181 adbuc
617 2131 645 2180 in
657 2130 774 2178 manibus
787 2127 919 2188 habemus,
937 2125 1082 2192 significant

104 2198 178 2249 nobis
196 2200 299 2250 silentia
317 2203 446 2265 poetarum
463 2199 611 2251 Latinorum
630 2205 655 2248 et
672 2197 829 2264 Apollodori,
847 2197 891 2261 qui
914 2212 945 2246 ex
963 2195 1081 2261 mythicis

105 2268 188 2334 poetis
205 2268 368 2318 celeberrima
385 2284 502 2334 quaeque
515 2267 627 2333 collegit.
654 2265 700 2315 Est
711 2265 759 2316 hoc
770 2281 800 2316 eo
813 2263 993 2325 admirabilius,
1013 2264 1081 2328 quod

104 2335 205 2403 reliqua
222 2335 329 2387 historia
347 2335 436 2386 Oadmi
453 2336 617 2387 nobilissimis
637 2333 731 2384 fabulis
754 2349 856 2384 causam
880 2331 957 2382 dedit.
991 2331 1081 2398 Itaque

103 2411 202 2455 lantum
220 2411 288 2455 certe
307 2421 337 2454 ex
355 2420 384 2455 ea
402 2421 430 2454 re
448 2404 620 2470 colligendum
639 2410 718 2464 esset,
742 2402 847 2452 obscuro
864 2400 1002 2465 primordia
1019 2400 1081 2452 artis

104 2473 241 2538 perplura
264 2471 367 2523 saecula
389 2474 517 2522 neminem
540 2473 708 2538 mythieorum
730 2475 861 2536 poetarum
885 2469 917 2518 ad
939 2468 1080 2520 ornandum

104 2540 159 2592 eine
179 2548 308 2590 auctorem
333 2541 444 2591 excitare
466 2543 586 2606 potuisse.
622 2539 716 2588 Verum
738 2537 820 2603 magis
843 2537 870 2586 in
892 2545 1010 2603 promptu
1033 2536 1082 2586 erit

104 2616 171 2660 recta
189 2610 260 2667 ratio,
279 2609 302 2659 si
318 2609 373 2675 ipsa
390 2608 437 2658 illa
454 2609 591 2674 primordia
607 2607 675 2674 apud
687 2607 797 2658 Graecos
811 2607 862 2656 ndn
880 2605 962 2671 priora
978 2605 1082 2657 luerunt

104 2676 207 2728 saeculo
224 2677 269 2726 IX.
289 2686 348 2728 ante
366 2677 426 2729 Chr.

173 2761 206 2828 l¹)
224 2763 263 2813 De
283 2764 361 2814 verbo
384 2759 501 2832 γράφειν
526 2761 587 2812 satis
611 2760 704 2811 dietum
726 2769 772 2811 est.
807 2759 938 2825 Nusquam
962 2760 988 2811 id
1012 2761 1080 2826 apud

104 2830 260 2898 antiquiores
279 2832 338 2882 illos
356 2833 424 2883 idem
446 2831 524 2890 valet.
549 2831 617 2896 quod
641 2831 700 2880 inde
721 2830 754 2879 ab
770 2827 901 2894 Aeschylo
924 2835 950 2879 et
967 2828 1080 2880 Pindaro

104 2900 210 2967 vulgare
228 2907 273 2950 est,
308 2900 429 2950 Deducta
446 2897 506 2949 inde
524 2898 634 2960 nomina,
651 2895 745 2964 γραφή
763 2904 788 2947 et
804 2895 927 2965 γράμμα,
944 2897 1001 2962 ipsa
1018 2914 1080 2962 quo-

104 2985 153 3035 que
178 2975 237 3018 sunt
255 2970 399 3034 posteriora.
436 2967 595 3018 Annoterunt
613 2967 660 3018 hoc
681 2975 779 3016 veteres
802 2966 828 3014 in
853 2965 908 3015 loeo
931 2965 976 3015 illo
994 2964 1080 3026 Hom,

104 3036 147 3087 ubi
171 3053 216 3086 eos
240 3038 314 3102 σῆμα
337 3043 375 3087 ter
397 3035 511 3102 positum
533 3034 646 3086 offendit.
686 3031 849 3084 Variaturum
873 3031 952 3084 fuisse
979 3037 1080 3099 politam

105 3105 237 3222 ppotabapt,
256 3105 277 3155 si
295 3103 350 3202 1¹³⁸,
358 3105 459 3221 eiznota
475 3103 596 3220 {¹³3⁵pr
617 3103 741 3218 “Euqtagth
759 3101 776 3150 l.
791 3095 879 3219 ΙοσεΤὸ
900 3098 1080 3235 wlff&

103 3187 475 3324 ngqmpocrqrppweg’rqpx
499 3188 531 3288 {br
544 3168 697 3305 arpizvebrc
715 3188 736 3287 ντ
764 3185 862 3305 Ρσηῆμέ,
874 3185 1025 3300 κἔπιῖιείνοιις
1042 3186 1079 3304 τὲ

105 3306 178 3366 λέξει
196 3308 239 3358 δια
257 3308 287 3360 τὸ
305 3312 428 3376 μονῆρες
444 3305 489 3358 καὶ
505 3305 618 3373 καίριον.
645 3303 763 3374 Γράμμα
780 3307 889 3373 primum
900 3308 998 3371 reperio
1010 3305 1079 3370 apud

105 3377 237 3430 Erinnam.
256 3377 347 3444 Neque
364 3376 531 3443 ἀναγνῶναι,
555 3375 647 3441 lepore,
671 3382 714 3425 aut
737 3375 819 3425 simile
842 3373 953 3439 aliquid,
977 3371 1012 3422 ibi
1034 3371 1078 3422 ubi

106 3444 131 3496 id
153 3449 263 3496 maxime
286 3455 431 3512 exspectes,
454 3446 582 3503 invenias3
606 3444 654 3494 etsi
677 3444 728 3494 alio
753 3460 829 3493 sensu
852 3441 940 3492 dicitur
968 3437 1078 3508 σήματα

107 3511 261 3580 ἀναγνῶναι
284 3513 375 3580 Odyss.
393 3528 417 3562 τ.
435 3513 493 3568 250.
517 3511 546 3576 ψ.
570 3513 627 3567 206.
651 3529 681 3564 ω.
704 3512 763 3566 345.
785 3509 902 3576 Denique
925 3508 1077 3560 vocabulum

107 3579 201 3641 δέλτος
210 3596 263 3634 non
274 3590 314 3634 est
325 3583 456 3649 antiquius
469 3581 598 3648 Aeschylo
614 3588 639 3632 et
649 3588 754 3632 auctore
765 3576 1077 3645 Batrachomyomachiae,
