2694 4116
612 351 649 409 ·.·
689 325 750 381 140-
784 353 821 364 -

309 484 417 540 Dicitur
435 479 611 539 Aristarchus
631 484 747 554 amplius
768 481 866 539 DOOG
880 483 1096 544 Commentarios
1117 507 1208 561 gram·

235 561 349 617 maticos
369 565 398 616 et
417 560 525 616 criticos
539 559 739 630 conscripsisse,
761 577 802 629 ac,
823 562 846 616 si
860 560 972 616 Suidam
985 571 1059 620 recte
1073 567 1208 638 intelligo,

232 636 300 694 nihil
328 637 402 692 aliud
430 654 511 707 quam
538 635 792 708 Commentarios⁸).
837 638 942 692 Verum
968 639 1021 708 illi,
1052 643 1080 696 in
1109 644 1209 714 quibus

232 714 354 783 exemplo
374 713 558 784 praeceptoris
578 713 620 767 sni
633 714 923 784 praestantissimorum
936 720 1080 785 poetarum
1094 725 1124 774 et
1137 723 1207 776 mul-

234 797 323 847 tarum
344 789 539 847 Grammaticos
560 790 678 859 partium
698 792 904 861 explicationem
924 799 951 846 et
972 809 1113 849 consuram
1135 813 1209 850 com·

232 869 329 940 plexus
350 873 416 934 erat,
435 867 489 922 iam
510 866 612 921 dudum
631 867 669 941 ita
689 869 835 938 perierunt,
860 873 890 921 ut
909 885 943 922 ne
963 870 1078 925 formam
1097 873 1210 942 quidem

232 943 313 999 ahias
333 960 434 1010 eorum,
455 959 543 1013 neque
564 959 597 996 ex
616 943 682 1012 ipsis
703 943 922 1014 quaestionibus,
943 963 1011 1016 quas
1031 954 1209 1018 tractaverat,

233 1021 379 1090 siquibus
399 1021 479 1074 etiam
500 1037 570 1073 nunc
591 1036 688 1091 magna
708 1037 771 1091 pars
797 1020 966 1078 litteraturae
991 1023 1099 1094 nititur,
1126 1027 1207 1096 qnid·

231 1115 313 1169 quam
337 1102 446 1168 praeter
470 1095 605 1165 dispersas
626 1097 757 1167 quasdam
778 1105 806 1151 et
826 1097 922 1154 misere
942 1099 1076 1155 laceratas
1096 1108 1206 1157 senten-

230 1175 312 1230 tiolas
332 1172 450 1243 reliquas
471 1173 627 1228 habeamus.
661 1175 699 1230 Ut
719 1191 752 1229 ex
772 1174 806 1228 iis
825 1173 911 1243 libris,
932 1192 1001 1245 qnos
1015 1175 1206 1234 defendendae

230 1250 373 1321 analogiae
394 1266 476 1305 causa
496 1255 591 1304 contra
610 1249 748 1305 Cratstem
767 1250 924 1321 scripserat,
951 1253 1099 1322 quantillae
1120 1255 1206 1308 hodie

229 1334 293 1383 sunt
313 1325 486 1396 reliquiac⁹)!
520 1326 711 1382 Illustravcrat
730 1327 801 1382 idem
823 1325 1037 1398 Archilochum,
1058 1330 1205 1398 Alcaeum,

229 1404 441 1468 Anacreontem,
463 1401 640 1473 Aeschylum,
662 1403 835 1474 Sophoclem,
851 1405 955 1474 Ionem,
970 1405 1127 1475 Pindarum,
1141 1407 1207 1461 Ari-

230 1480 400 1552 stophanem,
421 1479 546 1546 Aratum,
566 1479 642 1535 alios.
682 1481 787 1534 Horum
814 1486 919 1551 partem
943 1499 1006 1537 cum
1031 1483 1097 1553 ipsis
1122 1482 1206 1538 Com·

229 1556 367 1612 menteriis
386 1563 461 1612 actas
480 1555 565 1611 Musis
585 1557 673 1610 invisa
691 1557 819 1626 abstulit3
845 1559 881 1613 ad
906 1559 999 1629 plures
1025 1576 1134 1628 eorum,
1155 1562 1206 1630 qui

228 1638 346 1700 exstant,
366 1632 432 1687 nihil
452 1640 584 1702 superest,
605 1639 679 1688 certe
699 1634 773 1704 quod
794 1640 900 1689 constet
913 1634 985 1689 illius
1000 1652 1075 1706 esse3
1096 1638 1133 1692 ad
1147 1638 1205 1708 Ly-

230 1711 316 1764 ricum
336 1707 445 1778 quidem
466 1714 495 1763 et
508 1707 646 1763 Comioum
661 1709 771 1780 aliquid,
792 1710 839 1764 sed
860 1711 926 1765 nihil
939 1711 976 1768 ad
990 1713 1027 1780 id,
1048 1715 1122 1782 qnod
1138 1713 1204 1769 olim

228 1787 327 1841 fuerat.
368 1785 462 1854 Quid?
487 1786 561 1858 quod
587 1787 762 1842 recensionem
784 1787 840 1841 eius
861 1789 1035 1842 Homericam
1054 1789 1204 1845 admodum

229 1880 314 1933 nuper
334 1867 390 1918 tarn
411 1881 506 1934 parum
525 1881 660 1930 notamus,
680 1871 719 1930 nt,
741 1871 874 1933 quatenus
894 1863 962 1920 haec
983 1865 1095 1936 vulgata
1109 1873 1205 1921 nostra

226 1941 264 1996 ad
292 1957 351 1994 eam
376 1940 531 2009 accederet,
557 1957 574 1993 a
599 1939 663 1994 viris
685 1941 772 1994 doctis
793 1939 894 1994 frustra
914 1949 1099 2012 quaereretur.
1151 1942 1204 1998 Cari

228 2017 380 2088 quaestioni
400 2018 451 2071 etsi
470 2033 504 2071 ne
524 2033 594 2071 nunc
615 2016 724 2086 quidem
744 2015 866 2071 satisfieri
885 2037 903 2073 a
922 2018 1003 2073 nobis
1028 2025 1134 2089 potest,
1162 2026 1203 2074 ta·

226 2107 288 2147 men
302 2093 469 2148 Venetorum
483 2092 654 2148 Scholiorum
675 2092 806 2148 beneficio
827 2097 869 2147 tot
882 2100 1031 2166 tantaeque
1045 2095 1200 2150 Aristarchi

229 2169 323 2238 copiae
337 2175 491 2238 patuerunt,
512 2176 542 2225 ut
561 2170 584 2224 is
598 2187 666 2224 unus
680 2170 760 2224 nobis
773 2170 834 2240 plus
849 2172 939 2241 operis
951 2173 1092 2242 praebeat,
1115 2189 1198 2242 qnam

227 2346 307 2398 larem
324 2347 430 2412 gloriam
449 2345 605 2398 revocabant.
641 2345 712 2397 conl.
731 2347 826 2399 Mureti
850 2347 907 2398 Ver.
932 2347 1011 2399 hectt.
1039 2347 1084 2409 Vl,
1105 2351 1126 2402 1.
1154 2350 1201 2400 ubi

227 2415 524 2535 lalllcilesllldlllwphia
542 2415 668 2476 dicuntur,
686 2417 766 2467 multo
785 2416 859 2467 stiam
877 2416 972 2467 veriora
990 2423 1051 2467 sunt
1069 2418 1100 2466 de
1111 2434 1200 2484 gram-

295 2569 316 2634 ⁸)
335 2569 400 2621 Nam
418 2569 483 2620 ambi
502 2586 535 2619 ua
552 2577 611 2620 sunt
627 2571 703 2623 verba
723 2569 816 2621 Suidae
834 2588 857 2621 v.
872 2566 1059 2639 Ἆρίσταρχοςι
1085 2567 1201 2637 Λέγεται

227 2636 335 2706 γράψαι
354 2635 423 2705 ὑπὲρ
441 2636 463 2688 ὠ
480 2587 577 2702 βιβλία
595 2635 847 2707 ὑπομνημάτων
859 2636 902 2700 μό
909 2653 980 2688 νων.
1009 2639 1061 2689 Sed
1073 2656 1201 2704 nusquam

226 2709 254 2756 in
272 2714 310 2758 tot
327 2707 389 2757 locis
407 2717 517 2758 soterum
535 2706 616 2756 ullum
634 2709 762 2773 proprium
787 2721 851 2770 opus
870 2706 1014 2757 Aristarchi
1036 2715 1202 2769 memoratur,

226 2781 255 2826 ut
272 2775 322 2826 huc
339 2775 497 2841 potissimum
517 2774 642 2842 pertinere
660 2783 745 2841 putem
762 2791 778 2824 a
795 2774 919 2842 Porphyr.
937 2777 963 2824 in
982 2775 1042 2826 Hor.
1062 2775 1152 2839 Epistt.
1167 2775 1201 2834 Π,

229 2847 253 2903 1,
272 2843 331 2898 257.
349 2853 473 2894 servatum
491 2842 585 2894 dictum
603 2841 756 2904 Aristarchi,
768 2845 813 2908 qui
832 2859 909 2908 queem
921 2841 999 2893 multa
1010 2841 1202 2907 reprehenderit

227 2912 256 2962 irs
274 2909 395 2972 Homero,
413 2913 603 2978 (interrogatus,
622 2919 689 2979 puta,
708 2914 739 2963 ab
759 2911 860 2980 aliquo,
880 2927 925 2962 cur
943 2928 992 2961 non
1017 2913 1074 2977 ipse
1092 2910 1201 2962 Carmen

226 2988 389 3044 componeret
405 2979 438 3030 ad
459 2980 569 3046 optimas
592 2979 663 3046 leges
686 2981 767 3044 ertia)
790 2978 886 3042 aiebat,
912 2977 1025 3043 Neque
1048 2995 1079 3028 se
1101 2994 1201 3042 posse

225 3045 393 3109 seribere,
413 3047 672 3112 quemadmodum
690 3049 801 3108 vellet,
819 3064 922 3112 aeque
939 3045 1036 3108 velle,
1049 3045 1200 3111 quemad·

227 3115 350 3166 modum
367 3123 488 3181 posset.
529 3115 605 3167 Haud
630 3117 740 3168 absurda
770 3119 883 3182 prolecto
909 3133 968 3178 vox,
997 3124 1024 3166 et
1050 3115 1200 3180 prudentiae

227 3184 416 3250 modestiaeque
433 3185 524 3251 plena;
542 3184 684 3253 similisque
702 3195 740 3236 est
758 3184 882 3237 sententia
898 3189 998 3251 poetae,
1017 3182 1129 3249 Fursqor
1147 3182 1201 3234 oica

228 3251 289 3304 cotia
306 3262 353 3305 etc.

296 3321 316 3388 ⁹)
334 3321 401 3372 Vide
419 3320 489 3373 Varr.
510 3321 542 3372 de
558 3321 587 3373 Ia.
606 3320 633 3376 [ι.
652 3320 708 3372 Vll.
727 3337 752 3386 p.
773 3323 829 3376 119.
855 3322 912 3376 121.
930 3319 999 3370 VIll.
1025 3336 1063 3385 pr.
1088 3338 1114 3385 p.
1142 3321 1200 3374 126.

229 3389 392 3456 151.1x.p.
414 3391 470 3444 170.
494 3389 588 3440 collato
613 3387 698 3441 Gellio
724 3387 757 3448 11,
783 3390 824 3444 25.
860 3388 915 3440 Illis
938 3387 1001 3439 locis
1024 3389 1047 3438 si
1070 3387 1200 3438 addideris

228 3455 350 3518 Quinctil.
370 3457 392 3518 Ι,
409 3462 435 3517 4,
457 3459 497 3510 20.
517 3457 614 3520 Charis.
633 3455 651 3510 l.
669 3475 694 3524 p.
713 3459 754 3512 94.
765 3457 886 3510 Priscian.
898 3455 980 3507 xvh.
993 3473 1018 3522 p.
1034 3455 1106 3510 1065.
1122 3457 1199 3510 1106.

226 3524 341 3588 Putsch,
360 3525 463 3577 habebis
481 3525 574 3590 omnia,
592 3541 656 3591 qnae
673 3525 756 3578 Latini
774 3541 808 3576 ox
825 3525 875 3578 hoo
897 3540 990 3592 genere
1012 3529 1200 3574 conservarunt.
