2702 4124
146 1282 302 1364 Friderici
320 1302 445 1378 Augusti
465 1301 560 1362 Wolfii
587 1302 788 1377 prolegomene
814 1303 845 1362 iu
864 1303 982 1362 Homeri
1006 1303 1124 1364 Iliadem

148 1407 252 1482 quibus
273 1404 382 1465 caussis
403 1405 535 1465 commoti
549 1405 640 1464 denno
655 1403 737 1463 edere
752 1404 989 1479 constituerimus,
1011 1423 1066 1466 non
1082 1408 1125 1466 est

148 1509 222 1584 quod
245 1506 385 1582 copiosius
406 1506 588 1581 explicemus.
629 1507 703 1566 Nam
728 1509 761 1565 ut
785 1524 855 1582 opus
881 1507 952 1566 illud
976 1509 1124 1582 praestan-

145 1612 300 1683 tissimum,
326 1627 413 1683 quum
438 1627 464 1669 a.
492 1611 566 1669 1795
593 1609 713 1686 primum
738 1610 768 1669 in
793 1611 883 1670 lucem
907 1610 1012 1670 editum
1040 1614 1124 1682 esset,

147 1712 392 1774 vehementissime
417 1711 623 1787 philologorum
653 1712 747 1772 studia
779 1713 941 1786 commovit,
972 1713 1013 1772 ita
1042 1713 1125 1773 bodie

149 1831 259 1890 quoque
290 1814 429 1874 communi
460 1814 583 1874 omniurn
615 1815 759 1874 doctorum
787 1814 892 1874 iudicio
919 1814 1002 1887 quusi
1025 1813 1072 1872 lex
1097 1817 1126 1872 et

147 1935 247 1978 norma
267 1915 383 1976 criticae
403 1915 450 1975 via
476 1932 510 1974 ae
534 1915 644 1975 ratione
669 1915 818 1976 faciendae
841 1916 975 1988 habetur,
1002 1919 1035 1975 ut
1053 1933 1126 1975 nova

146 2019 215 2079 libri
235 2018 366 2092 editione,
388 2036 461 2092 quae
475 2019 596 2092 priorem
610 2019 742 2079 accurato
757 2019 960 2091 emendateque
975 2017 1123 2092 exprimat,

148 2121 331 2198 plurimorum
360 2113 515 2181 commodis
545 2122 656 2182 consuli
684 2139 768 2195 posse
797 2121 935 2181 videatur.
980 2119 1128 2180 Eiusmodi

147 2213 298 2285 editionem
318 2240 370 2283 nos
396 2223 551 2298 philologis
579 2224 738 2297 offerimus,
766 2224 817 2283 ssd
843 2240 903 2282 eam
931 2225 1043 2282 auctam
1068 2225 1127 2282 tum

146 2326 292 2387 luculento
311 2325 488 2398 accessione,
515 2328 548 2385 ut
569 2343 586 2384 a
606 2325 676 2385 viris
698 2327 789 2386 doctis
809 2327 885 2385 haud
906 2325 1037 2400 exiguam
1060 2343 1126 2401 gra-

145 2429 216 2488 tiam
235 2427 335 2488 inituri
356 2444 418 2487 esse
437 2427 591 2487 videamur.
624 2428 753 2504 Contigit
772 2429 847 2489 enim
867 2430 958 2505 nobis,
980 2437 1012 2495 ut
1032 2452 1126 2496 exem-

146 2529 222 2605 plar,
243 2547 299 2603 quo
318 2529 348 2587 J.
370 2529 518 2588 Bekkerus
537 2547 607 2589 usus
627 2531 670 2589 est
690 2531 932 2609 nanciscemur,
952 2538 1032 2597 cuius
1052 2555 1127 2598 mar·

148 2632 210 2707 gini
231 2631 274 2691 vir
294 2633 475 2694 doctissimus
495 2635 696 2695 annotationes
709 2637 851 2712 ascripsit,
873 2657 944 2713 quas
956 2642 1005 2702 hic
1019 2644 1128 2718 publici

148 2734 220 2794 iuris
239 2734 368 2795 facimus.
402 2735 551 2796 Pertinent
571 2754 621 2798 eae
641 2737 793 2798 maximam
814 2743 925 2814 partem
944 2745 980 2803 ad
1001 2721 1149 2806 criticam·

149 2838 179 2897 et
205 2836 282 2898 locos
312 2837 559 2913 grammaticorum
589 2842 618 2899 et
646 2840 833 2916 interpretum
864 2845 969 2917 quibus
998 2864 1031 2908 sa
1056 2865 1129 2922 qnae

149 2939 270 2999 Wolfius
289 2939 437 3015 proposuit
459 2940 505 2999 vel
525 2942 695 3016 probantur,
715 2942 760 3003 vol
780 2949 989 3021 oppugnantur.
1028 2949 1129 3023 Neque
1238 3021 1242 3031 ¹

150 3058 247 3104 omnes
267 3042 352 3103 simul
373 3044 423 3104 sed
443 3043 598 3103 identidem
617 3044 739 3119 repetita
757 3045 880 3108 lectione
905 3050 1045 3126 ascriptas
1065 3068 1129 3112 esse

149 3145 244 3219 ipsum
264 3145 408 3220 exemplar
427 3145 518 3206 dooot.
552 3147 669 3207 Constat
687 3148 781 3208 autem
799 3149 828 3208 J.
842 3151 1002 3212 Bekkomm
1025 3169 1059 3214 ex
1073 3171 1128 3227 quc

150 3244 263 3305 iuvenis
282 3244 314 3305 iu
326 3245 423 3306 Wolfii
444 3246 626 3322 disciplinam
644 3249 724 3310 uenit
742 3267 794 3326 por
807 3252 958 3328 sexaginta
971 3271 1022 3314 sex
1036 3271 1127 3316 annos

147 3347 265 3407 Homeri
285 3349 459 3409 carminibus
479 3350 665 3411 emendandis
684 3368 797 3426 operam
825 3354 952 3428 dedisse;
982 3357 1063 3416 cuius
1088 3358 1130 3418 rei

148 3450 277 3511 recensio
296 3451 413 3511 Homeri
433 3469 450 3510 a
469 3453 571 3514 Wolfio
592 3452 663 3512 editi
689 3454 721 3513 in
739 3455 976 3530 premeridibus
995 3459 1129 3518 Jenensi·

149 3553 213 3628 bus,
233 3554 379 3617 Praefatio
400 3557 437 3616 ad
457 3557 567 3618 scholia
585 3557 703 3618 Homeri
721 3558 750 3617 et
769 3558 864 3618 studia
877 3559 1035 3635 Homerica,
1056 3550 1129 3634 quae
