<?xml version="1.0" encoding="UTF-8"?>
<!DOCTYPE html PUBLIC "-//W3C//DTD XHTML 1.0 Transitional//EN"
    "http://www.w3.org/TR/xhtml1/DTD/xhtml1-transitional.dtd">
<html xmlns="http://www.w3.org/1999/xhtml" xml:lang="en" lang="en">
 <head>
  <title>
</title>
<meta http-equiv="Content-Type" content="text/html;charset=utf-8" />
  <meta name='ocr-system' content='tesseract 3.04.00' />
  <meta name='ocr-capabilities' content='ocr_page ocr_carea ocr_par ocr_line ocrx_word'/>
</head>
<body>
  <div class='ocr_page' id='page_1' title='image "./prolegomenaadho03wolfgoog_0025.png"; bbox 0 0 2702 4124; ppageno 0'>
   <div class='ocr_carea' id='block_1_1' title="bbox 610 339 800 392">
    <p class='ocr_par' dir='ltr' id='par_1_1' title="bbox 610 339 800 392">
     <span class='ocr_line' id='line_1_1' title="bbox 610 339 800 392; baseline 0 -18"><span class='ocrx_word' id='word_1_1' title='bbox 610 339 800 392; x_wconf 69' lang='lat'>..16-</span> 
     </span>
    </p>
   </div>
   <div class='ocr_carea' id='block_1_2' title="bbox 213 495 1192 1775">
    <p class='ocr_par' dir='ltr' id='par_1_2' title="bbox 213 495 1192 1775">
     <span class='ocr_line' id='line_1_2' title="bbox 220 495 1192 570; baseline -0.003 -18"><span class='ocrx_word' id='word_1_2' title='bbox 220 497 312 552; x_wconf 84' lang='lat' dir='ltr'><strong>Schol.</strong></span> <span class='ocrx_word' id='word_1_3' title='bbox 333 512 383 552; x_wconf 90' lang='lat' dir='ltr'><strong>nec</strong></span> <span class='ocrx_word' id='word_1_4' title='bbox 403 495 562 550; x_wconf 85' lang='lat' dir='ltr'><strong>Eustathius</strong></span> <span class='ocrx_word' id='word_1_5' title='bbox 582 513 697 566; x_wconf 81' lang='lat' dir='ltr'><strong>usquam</strong></span> <span class='ocrx_word' id='word_1_6' title='bbox 717 497 858 567; x_wconf 84' lang='lat' dir='ltr'><strong>agnoscit,</strong></span> <span class='ocrx_word' id='word_1_7' title='bbox 887 502 917 550; x_wconf 92' lang='lat' dir='ltr'><strong>ut</strong></span> <span class='ocrx_word' id='word_1_8' title='bbox 937 512 998 562; x_wconf 84' lang='lat' dir='ltr'><strong>serp</strong></span> <span class='ocrx_word' id='word_1_9' title='bbox 1026 495 1192 570; x_wconf 84' lang='lat' dir='ltr'><strong>adscriptum</strong></span> 
     </span>
     <span class='ocr_line' id='line_1_3' title="bbox 220 572 1191 644; baseline -0.001 -16"><span class='ocrx_word' id='word_1_10' title='bbox 220 579 299 644; x_wconf 87' lang='lat' dir='ltr'><strong>putes</strong></span> <span class='ocrx_word' id='word_1_11' title='bbox 320 591 353 628; x_wconf 83' lang='lat' dir='ltr'><strong>ex</strong></span> <span class='ocrx_word' id='word_1_12' title='bbox 373 572 456 627; x_wconf 83' lang='lat' dir='ltr'><strong>Scuto</strong></span> <span class='ocrx_word' id='word_1_13' title='bbox 476 573 559 627; x_wconf 91' lang='lat' dir='ltr'><strong>Herc.</strong></span> <span class='ocrx_word' id='word_1_14' title='bbox 575 578 639 631; x_wconf 79' lang='lat'>182.</span> <span class='ocrx_word' id='word_1_15' title='bbox 679 573 802 627; x_wconf 90' lang='lat' dir='ltr'><strong>Alterius</strong></span> <span class='ocrx_word' id='word_1_16' title='bbox 821 573 907 626; x_wconf 89' lang='lat' dir='ltr'>nihilo</span> <span class='ocrx_word' id='word_1_17' title='bbox 932 573 1018 626; x_wconf 89' lang='lat' dir='ltr'><strong>maior</strong></span> <span class='ocrx_word' id='word_1_18' title='bbox 1043 573 1191 628; x_wconf 85' lang='lat' dir='ltr'><strong>auctoritas</strong></span> 
     </span>
     <span class='ocr_line' id='line_1_4' title="bbox 220 649 1191 720; baseline -0.004 -15"><span class='ocrx_word' id='word_1_19' title='bbox 220 657 262 705; x_wconf 86' lang='lat' dir='ltr'><strong>est</strong></span> <span class='ocrx_word' id='word_1_20' title='bbox 288 650 323 704; x_wconf 88' lang='lat' dir='ltr'><strong>ab</strong></span> <span class='ocrx_word' id='word_1_21' title='bbox 352 650 461 720; x_wconf 87' lang='lat' dir='ltr'><strong>optimis</strong></span> <span class='ocrx_word' id='word_1_22' title='bbox 487 649 604 704; x_wconf 79' lang='lat' dir='ltr'><strong>Scholiis</strong></span> <span class='ocrx_word' id='word_1_23' title='bbox 630 655 656 704; x_wconf 91' lang='lat' dir='ltr'><strong>et</strong></span> <span class='ocrx_word' id='word_1_24' title='bbox 683 650 831 704; x_wconf 82' lang='lat' dir='ltr'>codicibus.</span> <span class='ocrx_word' id='word_1_25' title='bbox 876 649 929 702; x_wconf 90' lang='lat' dir='ltr'><strong>Illa</strong></span> <span class='ocrx_word' id='word_1_26' title='bbox 955 649 1024 703; x_wconf 90' lang='lat' dir='ltr'><strong>onim</strong></span> <span class='ocrx_word' id='word_1_27' title='bbox 1049 649 1191 702; x_wconf 81' lang='lat' dir='ltr'><strong>maximam</strong></span> 
     </span>
     <span class='ocr_line' id='line_1_5' title="bbox 219 725 1191 797; baseline 0.003 -18"><span class='ocrx_word' id='word_1_28' title='bbox 219 727 465 797; x_wconf 82' lang='lat' dir='ltr'><strong>interpunctionem</strong></span> <span class='ocrx_word' id='word_1_29' title='bbox 484 727 627 796; x_wconf 86' lang='lat' dir='ltr'><strong>requirunt</strong></span> <span class='ocrx_word' id='word_1_30' title='bbox 645 727 714 780; x_wconf 90' lang='lat' dir='ltr'><strong>inter</strong></span> <span class='ocrx_word' id='word_1_31' title='bbox 733 744 759 780; x_wconf 76' lang='lat' dir='ltr'><strong>v·</strong></span> <span class='ocrx_word' id='word_1_32' title='bbox 776 725 838 782; x_wconf 79' lang='lat'>167.</span> <span class='ocrx_word' id='word_1_33' title='bbox 861 731 888 780; x_wconf 93' lang='lat' dir='ltr'><strong>et</strong></span> <span class='ocrx_word' id='word_1_34' title='bbox 909 729 972 782; x_wconf 88' lang='grc'><strong>169.</strong></span> <span class='ocrx_word' id='word_1_35' title='bbox 979 765 987 793; x_wconf 86' lang='grc'>,</span> <span class='ocrx_word' id='word_1_36' title='bbox 1014 725 1089 780; x_wconf 88' lang='lat' dir='ltr'><strong>cuius</strong></span> <span class='ocrx_word' id='word_1_37' title='bbox 1110 729 1191 782; x_wconf 83' lang='grc' dir='ltr'><em>ἀσύν-</em></span> 
     </span>
     <span class='ocr_line' id='line_1_6' title="bbox 219 801 1190 874; baseline -0.003 -16"><span class='ocrx_word' id='word_1_38' title='bbox 219 807 298 860; x_wconf 80' lang='grc' dir='ltr'><em>δετον</em></span> <span class='ocrx_word' id='word_1_39' title='bbox 317 802 463 874; x_wconf 73' lang='grc' dir='ltr'><em>σόντὰξιν,</em></span> <span class='ocrx_word' id='word_1_40' title='bbox 492 819 561 874; x_wconf 87' lang='lat' dir='ltr'><strong>quae</strong></span> <span class='ocrx_word' id='word_1_41' title='bbox 581 819 653 857; x_wconf 90' lang='lat' dir='ltr'><strong>nunc</strong></span> <span class='ocrx_word' id='word_1_42' title='bbox 673 809 796 872; x_wconf 81' lang='lat' dir='ltr'><strong>exempto</strong></span> <span class='ocrx_word' id='word_1_43' title='bbox 817 802 906 857; x_wconf 91' lang='lat' dir='ltr'><strong>medio</strong></span> <span class='ocrx_word' id='word_1_44' title='bbox 926 819 1007 856; x_wconf 82' lang='lat' dir='ltr'><strong>versu</strong></span> <span class='ocrx_word' id='word_1_45' title='bbox 1031 801 1126 856; x_wconf 88' lang='lat' dir='ltr'><strong>rudem</strong></span> <span class='ocrx_word' id='word_1_46' title='bbox 1150 803 1190 856; x_wconf 84' lang='lat' dir='ltr'><strong>of-</strong></span> 
     </span>
     <span class='ocr_line' id='line_1_7' title="bbox 218 877 1190 949; baseline 0.001 -16"><span class='ocrx_word' id='word_1_47' title='bbox 218 879 319 948; x_wconf 89' lang='lat' dir='ltr'><strong>fendat,</strong></span> <span class='ocrx_word' id='word_1_48' title='bbox 342 881 365 934; x_wconf 90' lang='lat' dir='ltr'><strong>si</strong></span> <span class='ocrx_word' id='word_1_49' title='bbox 393 886 499 934; x_wconf 83' lang='lat' dir='ltr'><strong>veteres</strong></span> <span class='ocrx_word' id='word_1_50' title='bbox 520 879 614 934; x_wconf 83' lang='lat' dir='ltr'><strong>Critici</strong></span> <span class='ocrx_word' id='word_1_51' title='bbox 639 879 734 934; x_wconf 88' lang='lat' dir='ltr'><strong>duram</strong></span> <span class='ocrx_word' id='word_1_52' title='bbox 753 885 909 949; x_wconf 87' lang='lat' dir='ltr'><strong>putassent,</strong></span> <span class='ocrx_word' id='word_1_53' title='bbox 937 878 1016 932; x_wconf 87' lang='lat' dir='ltr'><strong>facile</strong></span> <span class='ocrx_word' id='word_1_54' title='bbox 1041 877 1080 932; x_wconf 88' lang='lat' dir='ltr'><strong>ita</strong></span> <span class='ocrx_word' id='word_1_55' title='bbox 1105 878 1190 934; x_wconf 88' lang='lat' dir='ltr'><strong>lenire</strong></span> 
     </span>
     <span class='ocr_line' id='line_1_8' title="bbox 217 954 1188 1030; baseline -0.002 -20"><span class='ocrx_word' id='word_1_56' title='bbox 217 956 380 1026; x_wconf 89' lang='lat' dir='ltr'><strong>potuissent,</strong></span> <span class='ocrx_word' id='word_1_57' title='bbox 401 959 470 1030; x_wconf 74' lang='grc' dir='ltr'><em>εὗρε</em></span> <span class='ocrx_word' id='word_1_58' title='bbox 488 961 516 1011; x_wconf 80' lang='grc' dir='ltr'><strong>δ’</strong></span> <span class='ocrx_word' id='word_1_59' title='bbox 535 958 638 1012; x_wconf 79' lang='grc' dir='ltr'><strong>ἔπειτα.</strong></span> <span class='ocrx_word' id='word_1_60' title='bbox 674 956 796 1010; x_wconf 90' lang='lat' dir='ltr'><strong>Tertium</strong></span> <span class='ocrx_word' id='word_1_61' title='bbox 822 956 875 1008; x_wconf 90' lang='lat' dir='ltr'><strong>iam</strong></span> <span class='ocrx_word' id='word_1_62' title='bbox 901 954 951 1009; x_wconf 88' lang='lat' dir='ltr'><strong>alii</strong></span> <span class='ocrx_word' id='word_1_63' title='bbox 977 962 1188 1022; x_wconf 83' lang='lat' dir='ltr'><strong>summoverunt,</strong></span> 
     </span>
     <span class='ocr_line' id='line_1_9' title="bbox 218 1031 1188 1103; baseline -0.001 -17"><span class='ocrx_word' id='word_1_64' title='bbox 218 1049 299 1102; x_wconf 89' lang='lat' dir='ltr'><strong>quem</strong></span> <span class='ocrx_word' id='word_1_65' title='bbox 320 1039 348 1088; x_wconf 88' lang='lat' dir='ltr'><strong>et</strong></span> <span class='ocrx_word' id='word_1_66' title='bbox 366 1032 493 1087; x_wconf 84' lang='lat' dir='ltr'><strong>Eustath.</strong></span> <span class='ocrx_word' id='word_1_67' title='bbox 519 1037 547 1086; x_wconf 88' lang='lat' dir='ltr'><strong>et</strong></span> <span class='ocrx_word' id='word_1_68' title='bbox 571 1033 662 1103; x_wconf 87' lang='lat' dir='ltr'><strong>plures</strong></span> <span class='ocrx_word' id='word_1_69' title='bbox 688 1031 754 1087; x_wconf 91' lang='lat' dir='ltr'><strong>boni</strong></span> <span class='ocrx_word' id='word_1_70' title='bbox 781 1032 860 1087; x_wconf 89' lang='lat' dir='ltr'><strong>codd.</strong></span> <span class='ocrx_word' id='word_1_71' title='bbox 886 1032 1011 1086; x_wconf 88' lang='lat' dir='ltr'><strong>reiiciunt</strong></span> <span class='ocrx_word' id='word_1_72' title='bbox 1036 1047 1097 1084; x_wconf 90' lang='lat' dir='ltr'><strong>cum</strong></span> <span class='ocrx_word' id='word_1_73' title='bbox 1123 1032 1188 1086; x_wconf 87' lang='lat' dir='ltr'><strong>edit.</strong></span> 
     </span>
     <span class='ocr_line' id='line_1_10' title="bbox 217 1107 1189 1179; baseline 0.001 -18"><span class='ocrx_word' id='word_1_74' title='bbox 217 1108 339 1179; x_wconf 86' lang='lat' dir='ltr'><strong>principe</strong></span> <span class='ocrx_word' id='word_1_75' title='bbox 365 1115 392 1163; x_wconf 86' lang='lat' dir='ltr'><strong>et</strong></span> <span class='ocrx_word' id='word_1_76' title='bbox 418 1111 549 1163; x_wconf 86' lang='lat' dir='ltr'><strong>Romana.</strong></span> <span class='ocrx_word' id='word_1_77' title='bbox 588 1109 685 1178; x_wconf 89' lang='lat' dir='ltr'><strong>Neque</strong></span> <span class='ocrx_word' id='word_1_78' title='bbox 714 1115 811 1178; x_wconf 90' lang='lat' dir='ltr'><strong>quarto</strong></span> <span class='ocrx_word' id='word_1_79' title='bbox 836 1109 927 1162; x_wconf 87' lang='lat' dir='ltr'><strong>versui</strong></span> <span class='ocrx_word' id='word_1_80' title='bbox 952 1107 1020 1162; x_wconf 86' lang='lat' dir='ltr'><strong>fides</strong></span> <span class='ocrx_word' id='word_1_81' title='bbox 1047 1115 1089 1162; x_wconf 88' lang='lat' dir='ltr'><strong>est</strong></span> <span class='ocrx_word' id='word_1_82' title='bbox 1115 1108 1189 1178; x_wconf 88' lang='lat' dir='ltr'><strong>apud</strong></span> 
     </span>
     <span class='ocr_line' id='line_1_11' title="bbox 218 1184 1187 1255; baseline 0 -17"><span class='ocrx_word' id='word_1_83' title='bbox 218 1185 392 1239; x_wconf 87' lang='lat' dir='ltr'><strong>Eustathium</strong></span> <span class='ocrx_word' id='word_1_84' title='bbox 409 1191 436 1239; x_wconf 91' lang='lat' dir='ltr'><strong>et</strong></span> <span class='ocrx_word' id='word_1_85' title='bbox 455 1185 524 1239; x_wconf 86' lang='lat' dir='ltr'><strong>alios</strong></span> <span class='ocrx_word' id='word_1_86' title='bbox 545 1185 639 1252; x_wconf 89' lang='lat' dir='ltr'><strong>libros,</strong></span> <span class='ocrx_word' id='word_1_87' title='bbox 662 1185 709 1255; x_wconf 91' lang='lat' dir='ltr'><strong>qui</strong></span> <span class='ocrx_word' id='word_1_88' title='bbox 729 1202 790 1239; x_wconf 89' lang='lat' dir='ltr'><strong>eum</strong></span> <span class='ocrx_word' id='word_1_89' title='bbox 811 1185 910 1255; x_wconf 88' lang='lat' dir='ltr'><strong>partim</strong></span> <span class='ocrx_word' id='word_1_90' title='bbox 929 1184 1032 1238; x_wconf 91' lang='lat' dir='ltr'><strong>habent</strong></span> <span class='ocrx_word' id='word_1_91' title='bbox 1052 1185 1187 1238; x_wconf 84' lang='lat' dir='ltr'><strong>variatum</strong></span> 
     </span>
     <span class='ocr_line' id='line_1_12' title="bbox 217 1261 1187 1332; baseline 0 -18"><span class='ocrx_word' id='word_1_92' title='bbox 217 1261 245 1315; x_wconf 90' lang='lat' dir='ltr'><strong>in</strong></span> <span class='ocrx_word' id='word_1_93' title='bbox 260 1261 389 1329; x_wconf 86' lang='lat' dir='ltr'><strong>clausula,</strong></span> <span class='ocrx_word' id='word_1_94' title='bbox 411 1279 481 1331; x_wconf 86' lang='lat' dir='ltr'><strong>quae</strong></span> <span class='ocrx_word' id='word_1_95' title='bbox 495 1261 600 1316; x_wconf 86' lang='lat' dir='ltr'><strong>scilicet</strong></span> <span class='ocrx_word' id='word_1_96' title='bbox 613 1277 668 1316; x_wconf 91' lang='lat' dir='ltr'><strong>non</strong></span> <span class='ocrx_word' id='word_1_97' title='bbox 681 1261 760 1316; x_wconf 90' lang='lat' dir='ltr'><strong>simul</strong></span> <span class='ocrx_word' id='word_1_98' title='bbox 774 1262 847 1315; x_wconf 85' lang='lat' dir='ltr'><strong>trahi</strong></span> <span class='ocrx_word' id='word_1_99' title='bbox 867 1267 976 1332; x_wconf 90' lang='lat' dir='ltr'><strong>poterat</strong></span> <span class='ocrx_word' id='word_1_100' title='bbox 990 1279 1022 1316; x_wconf 87' lang='lat' dir='ltr'><strong>ex</strong></span> <span class='ocrx_word' id='word_1_101' title='bbox 1035 1261 1067 1314; x_wconf 92' lang='lat' dir='ltr'><strong>Il.</strong></span> <span class='ocrx_word' id='word_1_102' title='bbox 1083 1284 1108 1319; x_wconf 90' lang='grc' dir='ltr'><strong>α,</strong></span> <span class='ocrx_word' id='word_1_103' title='bbox 1122 1266 1187 1317; x_wconf 82' lang='lat'><strong>562.</strong></span> 
     </span>
     <span class='ocr_line' id='line_1_13' title="bbox 219 1338 1188 1408; baseline 0.001 -17"><span class='ocrx_word' id='word_1_104' title='bbox 219 1338 280 1392; x_wconf 88' lang='lat' dir='ltr'><strong>Hos</strong></span> <span class='ocrx_word' id='word_1_105' title='bbox 295 1338 378 1408; x_wconf 87' lang='lat' dir='ltr'><strong>igitur</strong></span> <span class='ocrx_word' id='word_1_106' title='bbox 392 1345 419 1392; x_wconf 87' lang='lat' dir='ltr'><strong>et</strong></span> <span class='ocrx_word' id='word_1_107' title='bbox 433 1338 546 1408; x_wconf 86' lang='lat' dir='ltr'><strong>aliquod</strong></span> <span class='ocrx_word' id='word_1_108' title='bbox 563 1338 632 1392; x_wconf 88' lang='lat' dir='ltr'><strong>alios</strong></span> <span class='ocrx_word' id='word_1_109' title='bbox 652 1355 754 1405; x_wconf 86' lang='lat' dir='ltr'><strong>versus,</strong></span> <span class='ocrx_word' id='word_1_110' title='bbox 775 1339 826 1392; x_wconf 88' lang='lat' dir='ltr'><strong>etsi</strong></span> <span class='ocrx_word' id='word_1_111' title='bbox 845 1338 953 1392; x_wconf 85' lang='lat' dir='ltr'><strong>minime</strong></span> <span class='ocrx_word' id='word_1_112' title='bbox 972 1338 1088 1406; x_wconf 86' lang='lat' dir='ltr'><strong>ineptos,</strong></span> <span class='ocrx_word' id='word_1_113' title='bbox 1108 1354 1188 1392; x_wconf 88' lang='lat' dir='ltr'><strong>nemo</strong></span> 
     </span>
     <span class='ocr_line' id='line_1_14' title="bbox 220 1413 1188 1485; baseline 0.002 -19"><span class='ocrx_word' id='word_1_114' title='bbox 220 1414 345 1484; x_wconf 85' lang='lat' dir='ltr'><strong>profecto</strong></span> <span class='ocrx_word' id='word_1_115' title='bbox 360 1432 414 1469; x_wconf 91' lang='lat' dir='ltr'><strong>non</strong></span> <span class='ocrx_word' id='word_1_116' title='bbox 429 1415 555 1470; x_wconf 87' lang='lat' dir='ltr'><strong>reiiculos</strong></span> <span class='ocrx_word' id='word_1_117' title='bbox 568 1419 655 1484; x_wconf 88' lang='lat' dir='ltr'><strong>putet,</strong></span> <span class='ocrx_word' id='word_1_118' title='bbox 669 1415 692 1468; x_wconf 89' lang='lat' dir='ltr'><strong>si</strong></span> <span class='ocrx_word' id='word_1_119' title='bbox 707 1431 753 1468; x_wconf 89' lang='lat' dir='ltr'><strong>eos</strong></span> <span class='ocrx_word' id='word_1_120' title='bbox 767 1432 852 1485; x_wconf 88' lang='lat' dir='ltr'><strong>nuper</strong></span> <span class='ocrx_word' id='word_1_121' title='bbox 864 1414 1078 1468; x_wconf 89' lang='lat' dir='ltr'><strong>Rhodomannus</strong></span> <span class='ocrx_word' id='word_1_122' title='bbox 1092 1413 1188 1468; x_wconf 88' lang='lat' dir='ltr'><strong>fecerit</strong></span> 
     </span>
     <span class='ocr_line' id='line_1_15' title="bbox 219 1491 1188 1562; baseline 0 -19"><span class='ocrx_word' id='word_1_123' title='bbox 219 1495 266 1544; x_wconf 91' lang='lat' dir='ltr'><strong>aut</strong></span> <span class='ocrx_word' id='word_1_124' title='bbox 286 1491 448 1559; x_wconf 85' lang='lat' dir='ltr'><strong>Barnesius,</strong></span> <span class='ocrx_word' id='word_1_125' title='bbox 474 1491 549 1560; x_wconf 87' lang='lat' dir='ltr'><strong>(uam</strong></span> <span class='ocrx_word' id='word_1_126' title='bbox 569 1491 613 1544; x_wconf 91' lang='lat' dir='ltr'><strong>hic</strong></span> <span class='ocrx_word' id='word_1_127' title='bbox 633 1491 766 1545; x_wconf 90' lang='lat' dir='ltr'><strong>interdum</strong></span> <span class='ocrx_word' id='word_1_128' title='bbox 787 1491 889 1562; x_wconf 85' lang='lat' dir='ltr'><strong>aliquid</strong></span> <span class='ocrx_word' id='word_1_129' title='bbox 910 1491 989 1544; x_wconf 88' lang='lat' dir='ltr'><strong>offert</strong></span> <span class='ocrx_word' id='word_1_130' title='bbox 1009 1494 1130 1559; x_wconf 70' lang='grc' dir='ltr'><em>οἴκοθεν,</em></span> <span class='ocrx_word' id='word_1_131' title='bbox 1157 1497 1188 1544; x_wconf 91' lang='lat' dir='ltr'><strong>ut</strong></span> 
     </span>
     <span class='ocr_line' id='line_1_16' title="bbox 217 1567 1187 1638; baseline 0.001 -18"><span class='ocrx_word' id='word_1_132' title='bbox 217 1569 255 1620; x_wconf 89' lang='lat' dir='ltr'><strong>ait</strong></span> <span class='ocrx_word' id='word_1_133' title='bbox 264 1567 284 1636; x_wconf 77' lang='grc' dir='ltr'><strong>ε)</strong></span> <span class='ocrx_word' id='word_1_134' title='bbox 305 1573 334 1620; x_wconf 88' lang='lat' dir='ltr'><strong>at</strong></span> <span class='ocrx_word' id='word_1_135' title='bbox 348 1584 365 1621; x_wconf 87' lang='lat' dir='ltr'><strong>a</strong></span> <span class='ocrx_word' id='word_1_136' title='bbox 379 1567 491 1638; x_wconf 85' lang='lat' dir='ltr'><strong>sepultis</strong></span> <span class='ocrx_word' id='word_1_137' title='bbox 505 1567 617 1638; x_wconf 86' lang='lat' dir='ltr'><strong>ingeniis</strong></span> <span class='ocrx_word' id='word_1_138' title='bbox 631 1568 728 1622; x_wconf 78' lang='lat' dir='ltr'><strong>abhinc</strong></span> <span class='ocrx_word' id='word_1_139' title='bbox 748 1569 827 1638; x_wconf 87' lang='lat' dir='ltr'><strong>plura</strong></span> <span class='ocrx_word' id='word_1_140' title='bbox 847 1568 955 1623; x_wconf 85' lang='lat' dir='ltr'><strong>saecula</strong></span> <span class='ocrx_word' id='word_1_141' title='bbox 975 1568 1112 1637; x_wconf 87' lang='lat' dir='ltr'><strong>profectos</strong></span> <span class='ocrx_word' id='word_1_142' title='bbox 1132 1585 1187 1622; x_wconf 91' lang='lat' dir='ltr'><strong>nou</strong></span> 
     </span>
     <span class='ocr_line' id='line_1_17' title="bbox 218 1642 1186 1716; baseline 0 -20"><span class='ocrx_word' id='word_1_143' title='bbox 218 1642 314 1698; x_wconf 83' lang='lat' dir='ltr'><strong>licebit</strong></span> <span class='ocrx_word' id='word_1_144' title='bbox 334 1643 469 1699; x_wconf 79' lang='lat' dir='ltr'><strong>relicere?</strong></span> <span class='ocrx_word' id='word_1_145' title='bbox 501 1647 615 1700; x_wconf 84' lang='lat' dir='ltr'><strong>Discere</strong></span> <span class='ocrx_word' id='word_1_146' title='bbox 636 1646 731 1713; x_wconf 90' lang='lat' dir='ltr'><strong>velim,</strong></span> <span class='ocrx_word' id='word_1_147' title='bbox 760 1664 814 1716; x_wconf 89' lang='lat' dir='ltr'><strong>quo</strong></span> <span class='ocrx_word' id='word_1_148' title='bbox 835 1647 892 1700; x_wconf 86' lang='lat' dir='ltr'><strong>iure</strong></span> <span class='ocrx_word' id='word_1_149' title='bbox 912 1645 990 1700; x_wconf 87' lang='lat' dir='ltr'><strong>nobis</strong></span> <span class='ocrx_word' id='word_1_150' title='bbox 1016 1646 1099 1699; x_wconf 88' lang='lat' dir='ltr'><strong>ceteri</strong></span> <span class='ocrx_word' id='word_1_151' title='bbox 1123 1646 1186 1700; x_wconf 87' lang='lat' dir='ltr'><strong>reti-</strong></span> 
     </span>
     <span class='ocr_line' id='line_1_18' title="bbox 213 1720 375 1775; baseline -0.006 -1"><span class='ocrx_word' id='word_1_152' title='bbox 213 1721 294 1774; x_wconf 88' lang='lat' dir='ltr'><strong>nendi</strong></span> <span class='ocrx_word' id='word_1_153' title='bbox 313 1720 375 1775; x_wconf 87' lang='lat' dir='ltr'><strong>sint.</strong></span> 
     </span>
    </p>
   </div>
   <div class='ocr_carea' id='block_1_3' title="bbox 662 1890 730 1965">
    <p class='ocr_par' dir='ltr' id='par_1_3' title="bbox 662 1890 730 1965">
     <span class='ocr_line' id='line_1_19' title="bbox 662 1890 730 1965; baseline 0 -1"><span class='ocrx_word' id='word_1_154' title='bbox 662 1890 730 1965; x_wconf 87' lang='lat' dir='ltr'><strong>IX.</strong></span> 
     </span>
    </p>
   </div>
   <div class='ocr_carea' id='block_1_4' title="bbox 207 2038 1184 3190">
    <p class='ocr_par' dir='ltr' id='par_1_4' title="bbox 207 2038 1184 3190">
     <span class='ocr_line' id='line_1_20' title="bbox 291 2038 1184 2111; baseline 0.008 -21"><span class='ocrx_word' id='word_1_155' title='bbox 291 2038 376 2092; x_wconf 91' lang='lat' dir='ltr'><strong>Aliud</strong></span> <span class='ocrx_word' id='word_1_156' title='bbox 391 2056 475 2109; x_wconf 86' lang='lat' dir='ltr'><strong>genus</strong></span> <span class='ocrx_word' id='word_1_157' title='bbox 490 2046 531 2093; x_wconf 90' lang='lat' dir='ltr'><strong>est</strong></span> <span class='ocrx_word' id='word_1_158' title='bbox 544 2040 713 2110; x_wconf 87' lang='lat' dir='ltr'><strong>vulgatarum</strong></span> <span class='ocrx_word' id='word_1_159' title='bbox 735 2039 881 2092; x_wconf 88' lang='lat' dir='ltr'><strong>lectionum</strong></span> <span class='ocrx_word' id='word_1_160' title='bbox 901 2038 985 2092; x_wconf 91' lang='lat' dir='ltr'><strong>multo</strong></span> <span class='ocrx_word' id='word_1_161' title='bbox 1006 2038 1184 2111; x_wconf 81' lang='lat' dir='ltr'><strong>frequentiae,</strong></span> 
     </span>
     <span class='ocr_line' id='line_1_21' title="bbox 217 2113 1182 2185; baseline 0.006 -18"><span class='ocrx_word' id='word_1_162' title='bbox 217 2113 291 2184; x_wconf 88' lang='lat' dir='ltr'><strong>quod</strong></span> <span class='ocrx_word' id='word_1_163' title='bbox 305 2115 435 2168; x_wconf 91' lang='lat' dir='ltr'><strong>librorum</strong></span> <span class='ocrx_word' id='word_1_164' title='bbox 450 2116 560 2185; x_wconf 90' lang='lat' dir='ltr'><strong>quidem</strong></span> <span class='ocrx_word' id='word_1_165' title='bbox 575 2125 602 2170; x_wconf 87' lang='lat' dir='ltr'><strong>et</strong></span> <span class='ocrx_word' id='word_1_166' title='bbox 614 2115 801 2170; x_wconf 89' lang='lat' dir='ltr'><strong>recensionum</strong></span> <span class='ocrx_word' id='word_1_167' title='bbox 815 2121 937 2169; x_wconf 86' lang='lat' dir='ltr'><strong>veterum</strong></span> <span class='ocrx_word' id='word_1_168' title='bbox 951 2132 1061 2170; x_wconf 89' lang='lat' dir='ltr'><strong>assensu</strong></span> <span class='ocrx_word' id='word_1_169' title='bbox 1075 2119 1182 2174; x_wconf 91' lang='lat' dir='ltr'><strong>minime</strong></span> 
     </span>
     <span class='ocr_line' id='line_1_22' title="bbox 214 2191 1183 2265; baseline 0.006 -21"><span class='ocrx_word' id='word_1_170' title='bbox 214 2199 316 2258; x_wconf 85' lang='lat' dir='ltr'><strong>careat,</strong></span> <span class='ocrx_word' id='word_1_171' title='bbox 336 2208 387 2245; x_wconf 90' lang='lat' dir='ltr'><strong>nec</strong></span> <span class='ocrx_word' id='word_1_172' title='bbox 402 2199 493 2246; x_wconf 89' lang='lat' dir='ltr'><strong>tamen</strong></span> <span class='ocrx_word' id='word_1_173' title='bbox 507 2193 550 2245; x_wconf 87' lang='lat' dir='ltr'><strong>vel</strong></span> <span class='ocrx_word' id='word_1_174' title='bbox 563 2200 676 2262; x_wconf 89' lang='lat' dir='ltr'><strong>propter</strong></span> <span class='ocrx_word' id='word_1_175' title='bbox 689 2209 766 2245; x_wconf 88' lang='lat' dir='ltr'><strong>usum</strong></span> <span class='ocrx_word' id='word_1_176' title='bbox 781 2191 860 2246; x_wconf 87' lang='lat' dir='ltr'><strong>huius</strong></span> <span class='ocrx_word' id='word_1_177' title='bbox 879 2196 986 2261; x_wconf 70' lang='lat' dir='ltr'><strong>poetae,</strong></span> <span class='ocrx_word' id='word_1_178' title='bbox 1007 2195 1052 2246; x_wconf 90' lang='lat' dir='ltr'><strong>vel</strong></span> <span class='ocrx_word' id='word_1_179' title='bbox 1070 2204 1183 2265; x_wconf 89' lang='lat' dir='ltr'><strong>propter</strong></span> 
     </span>
     <span class='ocr_line' id='line_1_23' title="bbox 212 2267 1183 2336; baseline 0.005 -15"><span class='ocrx_word' id='word_1_180' title='bbox 212 2267 454 2322; x_wconf 81' lang='lat' dir='ltr'><strong>conformationem</strong></span> <span class='ocrx_word' id='word_1_181' title='bbox 470 2272 497 2322; x_wconf 87' lang='lat' dir='ltr'><strong>et</strong></span> <span class='ocrx_word' id='word_1_182' title='bbox 511 2274 632 2323; x_wconf 89' lang='lat' dir='ltr'><strong>tenorem</strong></span> <span class='ocrx_word' id='word_1_183' title='bbox 646 2269 804 2336; x_wconf 85' lang='lat' dir='ltr'><strong>sententiae,</strong></span> <span class='ocrx_word' id='word_1_184' title='bbox 826 2271 871 2322; x_wconf 91' lang='lat' dir='ltr'><strong>vel</strong></span> <span class='ocrx_word' id='word_1_185' title='bbox 885 2270 964 2322; x_wconf 86' lang='lat' dir='ltr'><strong>aliam</strong></span> <span class='ocrx_word' id='word_1_186' title='bbox 979 2269 1059 2324; x_wconf 87' lang='lat' dir='ltr'><strong>talem</strong></span> <span class='ocrx_word' id='word_1_187' title='bbox 1074 2287 1183 2326; x_wconf 89' lang='lat' dir='ltr'><strong>causam</strong></span> 
     </span>
     <span class='ocr_line' id='line_1_24' title="bbox 211 2345 1182 2413; baseline 0.006 -16"><span class='ocrx_word' id='word_1_188' title='bbox 211 2362 266 2399; x_wconf 90' lang='lat' dir='ltr'><strong>non</strong></span> <span class='ocrx_word' id='word_1_189' title='bbox 281 2345 469 2413; x_wconf 88' lang='lat' dir='ltr'><strong>expellendum</strong></span> <span class='ocrx_word' id='word_1_190' title='bbox 493 2351 520 2398; x_wconf 91' lang='lat' dir='ltr'><strong>et</strong></span> <span class='ocrx_word' id='word_1_191' title='bbox 540 2345 576 2398; x_wconf 93' lang='lat' dir='ltr'><strong>ad</strong></span> <span class='ocrx_word' id='word_1_192' title='bbox 596 2346 719 2400; x_wconf 87' lang='lat' dir='ltr'><strong>meliores</strong></span> <span class='ocrx_word' id='word_1_193' title='bbox 739 2345 825 2399; x_wconf 89' lang='lat' dir='ltr'><strong>libros</strong></span> <span class='ocrx_word' id='word_1_194' title='bbox 844 2346 1028 2400; x_wconf 89' lang='lat' dir='ltr'><strong>revocandum</strong></span> <span class='ocrx_word' id='word_1_195' title='bbox 1048 2347 1182 2402; x_wconf 87' lang='lat' dir='ltr'><strong>videatur.</strong></span> 
     </span>
     <span class='ocr_line' id='line_1_25' title="bbox 210 2419 1183 2492; baseline 0.004 -17"><span class='ocrx_word' id='word_1_196' title='bbox 210 2420 314 2475; x_wconf 90' lang='lat' dir='ltr'><strong>Verum</strong></span> <span class='ocrx_word' id='word_1_197' title='bbox 329 2421 356 2474; x_wconf 92' lang='lat' dir='ltr'><strong>in</strong></span> <span class='ocrx_word' id='word_1_198' title='bbox 369 2419 422 2474; x_wconf 89' lang='lat' dir='ltr'><strong>hoc</strong></span> <span class='ocrx_word' id='word_1_199' title='bbox 435 2437 542 2492; x_wconf 85' lang='lat' dir='ltr'><strong>genere,</strong></span> <span class='ocrx_word' id='word_1_200' title='bbox 564 2422 635 2475; x_wconf 87' lang='lat' dir='ltr'><strong>sicut</strong></span> <span class='ocrx_word' id='word_1_201' title='bbox 655 2423 735 2475; x_wconf 87' lang='lat' dir='ltr'><strong>etiam</strong></span> <span class='ocrx_word' id='word_1_202' title='bbox 750 2422 777 2474; x_wconf 91' lang='lat' dir='ltr'><strong>in</strong></span> <span class='ocrx_word' id='word_1_203' title='bbox 797 2421 887 2490; x_wconf 89' lang='lat' dir='ltr'><strong>priore</strong></span> <span class='ocrx_word' id='word_1_204' title='bbox 908 2422 962 2490; x_wconf 89' lang='lat' dir='ltr'><strong>illo,</strong></span> <span class='ocrx_word' id='word_1_205' title='bbox 985 2423 1097 2476; x_wconf 90' lang='lat' dir='ltr'><strong>dubium</strong></span> <span class='ocrx_word' id='word_1_206' title='bbox 1118 2424 1183 2479; x_wconf 85' lang='lat' dir='ltr'><strong>facit</strong></span> 
     </span>
     <span class='ocr_line' id='line_1_26' title="bbox 209 2497 1183 2570; baseline 0.005 -19"><span class='ocrx_word' id='word_1_207' title='bbox 209 2498 345 2551; x_wconf 91' lang='lat' dir='ltr'><strong>interdum</strong></span> <span class='ocrx_word' id='word_1_208' title='bbox 359 2499 472 2567; x_wconf 89' lang='lat' dir='ltr'><strong>penuria</strong></span> <span class='ocrx_word' id='word_1_209' title='bbox 490 2497 623 2552; x_wconf 91' lang='lat' dir='ltr'><strong>bonorum</strong></span> <span class='ocrx_word' id='word_1_210' title='bbox 643 2498 766 2563; x_wconf 88' lang='lat' dir='ltr'><strong>fontium,</strong></span> <span class='ocrx_word' id='word_1_211' title='bbox 789 2515 842 2566; x_wconf 91' lang='lat' dir='ltr'><strong>quo</strong></span> <span class='ocrx_word' id='word_1_212' title='bbox 864 2499 945 2554; x_wconf 90' lang='lat' dir='ltr'><strong>lectio</strong></span> <span class='ocrx_word' id='word_1_213' title='bbox 967 2516 1092 2570; x_wconf 87' lang='lat' dir='ltr'><strong>quaeque</strong></span> <span class='ocrx_word' id='word_1_214' title='bbox 1113 2502 1183 2556; x_wconf 82' lang='lat' dir='ltr'><strong>refe-</strong></span> 
     </span>
     <span class='ocr_line' id='line_1_27' title="bbox 209 2574 1182 2648; baseline 0.003 -21"><span class='ocrx_word' id='word_1_215' title='bbox 209 2574 293 2628; x_wconf 88' lang='lat' dir='ltr'><strong>renda</strong></span> <span class='ocrx_word' id='word_1_216' title='bbox 316 2574 359 2642; x_wconf 87' lang='lat' dir='ltr'><strong>sit,</strong></span> <span class='ocrx_word' id='word_1_217' title='bbox 381 2581 471 2628; x_wconf 90' lang='lat' dir='ltr'><strong>utrum</strong></span> <span class='ocrx_word' id='word_1_218' title='bbox 496 2574 531 2627; x_wconf 94' lang='lat' dir='ltr'><strong>ad</strong></span> <span class='ocrx_word' id='word_1_219' title='bbox 552 2575 681 2627; x_wconf 84' lang='lat' dir='ltr'><strong>incuriam</strong></span> <span class='ocrx_word' id='word_1_220' title='bbox 701 2575 844 2641; x_wconf 87' lang='lat' dir='ltr'><strong>editorum,</strong></span> <span class='ocrx_word' id='word_1_221' title='bbox 865 2592 900 2629; x_wconf 90' lang='lat' dir='ltr'><strong>an</strong></span> <span class='ocrx_word' id='word_1_222' title='bbox 918 2575 952 2630; x_wconf 87' lang='lat' dir='ltr'><strong>ad</strong></span> <span class='ocrx_word' id='word_1_223' title='bbox 970 2575 1102 2644; x_wconf 90' lang='lat' dir='ltr'><strong>codicum,</strong></span> <span class='ocrx_word' id='word_1_224' title='bbox 1124 2579 1182 2648; x_wconf 88' lang='lat' dir='ltr'><strong>qui-</strong></span> 
     </span>
     <span class='ocr_line' id='line_1_28' title="bbox 209 2651 1182 2720; baseline 0.005 -16"><span class='ocrx_word' id='word_1_225' title='bbox 209 2651 260 2705; x_wconf 93' lang='lat' dir='ltr'><strong>bus</strong></span> <span class='ocrx_word' id='word_1_226' title='bbox 282 2651 321 2704; x_wconf 94' lang='lat' dir='ltr'><strong>illi</strong></span> <span class='ocrx_word' id='word_1_227' title='bbox 341 2652 383 2704; x_wconf 89' lang='lat' dir='ltr'><strong>usi</strong></span> <span class='ocrx_word' id='word_1_228' title='bbox 397 2659 468 2719; x_wconf 89' lang='lat' dir='ltr'><strong>sunt,</strong></span> <span class='ocrx_word' id='word_1_229' title='bbox 489 2651 613 2720; x_wconf 85' lang='lat' dir='ltr'><strong>adeoque</strong></span> <span class='ocrx_word' id='word_1_230' title='bbox 630 2652 751 2720; x_wconf 89' lang='lat' dir='ltr'><strong>ipsorum</strong></span> <span class='ocrx_word' id='word_1_231' title='bbox 770 2657 892 2706; x_wconf 89' lang='lat' dir='ltr'><strong>vetorum</strong></span> <span class='ocrx_word' id='word_1_232' title='bbox 913 2652 1111 2706; x_wconf 85' lang='lat' dir='ltr'><strong>auctoritatem.</strong></span> <span class='ocrx_word' id='word_1_233' title='bbox 1144 2655 1182 2709; x_wconf 91' lang='lat' dir='ltr'><strong>Ut</strong></span> 
     </span>
     <span class='ocr_line' id='line_1_29' title="bbox 208 2727 1180 2800; baseline 0.005 -21"><span class='ocrx_word' id='word_1_234' title='bbox 208 2729 319 2797; x_wconf 86' lang='lat' dir='ltr'><strong>vulgata</strong></span> <span class='ocrx_word' id='word_1_235' title='bbox 347 2729 445 2800; x_wconf 77' lang='grc' dir='ltr'><em>Πιερίῃ</em></span> <span class='ocrx_word' id='word_1_236' title='bbox 463 2732 494 2797; x_wconf 81' lang='grc' dir='ltr'><strong>β.</strong></span> <span class='ocrx_word' id='word_1_237' title='bbox 514 2728 577 2784; x_wconf 79' lang='grc'><strong>766.</strong></span> <span class='ocrx_word' id='word_1_238' title='bbox 599 2728 670 2781; x_wconf 89' lang='lat' dir='ltr'><strong>unde</strong></span> <span class='ocrx_word' id='word_1_239' title='bbox 696 2727 775 2781; x_wconf 91' lang='lat' dir='ltr'><strong>nobis</strong></span> <span class='ocrx_word' id='word_1_240' title='bbox 802 2728 830 2780; x_wconf 90' lang='lat' dir='ltr'><strong>in</strong></span> <span class='ocrx_word' id='word_1_241' title='bbox 858 2746 950 2782; x_wconf 89' lang='lat' dir='ltr'><strong>omnes</strong></span> <span class='ocrx_word' id='word_1_242' title='bbox 971 2729 1047 2783; x_wconf 88' lang='lat' dir='ltr'><strong>editt.</strong></span> <span class='ocrx_word' id='word_1_243' title='bbox 1068 2731 1180 2798; x_wconf 87' lang='lat' dir='ltr'><strong>venerit,</strong></span> 
     </span>
     <span class='ocr_line' id='line_1_30' title="bbox 207 2803 1181 2875; baseline 0.005 -20"><span class='ocrx_word' id='word_1_244' title='bbox 207 2803 320 2873; x_wconf 81' lang='lat' dir='ltr'><strong>ignor03</strong></span> <span class='ocrx_word' id='word_1_245' title='bbox 341 2821 429 2872; x_wconf 87' lang='lat' dir='ltr'><strong>neque</strong></span> <span class='ocrx_word' id='word_1_246' title='bbox 450 2821 515 2859; x_wconf 90' lang='lat' dir='ltr'><strong>vero</strong></span> <span class='ocrx_word' id='word_1_247' title='bbox 537 2821 571 2858; x_wconf 78' lang='lat' dir='ltr'><strong>ex</strong></span> <span class='ocrx_word' id='word_1_248' title='bbox 589 2805 699 2875; x_wconf 88' lang='lat' dir='ltr'><strong>Hymno</strong></span> <span class='ocrx_word' id='word_1_249' title='bbox 719 2805 747 2857; x_wconf 89' lang='lat' dir='ltr'><strong>in</strong></span> <span class='ocrx_word' id='word_1_250' title='bbox 767 2805 851 2858; x_wconf 88' lang='lat' dir='ltr'><strong>Merc.</strong></span> <span class='ocrx_word' id='word_1_251' title='bbox 864 2804 909 2861; x_wconf 79' lang='grc'><strong>70.</strong></span> <span class='ocrx_word' id='word_1_252' title='bbox 922 2817 981 2875; x_wconf 81' lang='lat' dir='ltr'><strong>sqq.</strong></span> <span class='ocrx_word' id='word_1_253' title='bbox 1004 2811 1051 2858; x_wconf 85' lang='lat' dir='ltr'><strong>aut</strong></span> <span class='ocrx_word' id='word_1_254' title='bbox 1071 2805 1181 2861; x_wconf 89' lang='lat' dir='ltr'><strong>aliunde</strong></span> 
     </span>
     <span class='ocr_line' id='line_1_31' title="bbox 208 2879 1181 2951; baseline 0.004 -18"><span class='ocrx_word' id='word_1_255' title='bbox 208 2879 353 2934; x_wconf 86' lang='lat' dir='ltr'><strong>defendere</strong></span> <span class='ocrx_word' id='word_1_256' title='bbox 373 2897 492 2949; x_wconf 87' lang='lat' dir='ltr'><strong>possum.</strong></span> <span class='ocrx_word' id='word_1_257' title='bbox 525 2881 569 2935; x_wconf 94' lang='lat' dir='ltr'><strong>Ibi</strong></span> <span class='ocrx_word' id='word_1_258' title='bbox 591 2883 660 2934; x_wconf 92' lang='lat' dir='ltr'><strong>enim</strong></span> <span class='ocrx_word' id='word_1_259' title='bbox 679 2898 733 2934; x_wconf 91' lang='lat' dir='ltr'><strong>non</strong></span> <span class='ocrx_word' id='word_1_260' title='bbox 748 2882 872 2950; x_wconf 80' lang='lat' dir='ltr'><strong>pastoris</strong></span> <span class='ocrx_word' id='word_1_261' title='bbox 892 2883 926 2935; x_wconf 85' lang='lat' dir='ltr'><strong>od</strong></span> <span class='ocrx_word' id='word_1_262' title='bbox 947 2881 1111 2951; x_wconf 76' lang='lat' dir='ltr'><strong>Amphryso,</strong></span> <span class='ocrx_word' id='word_1_263' title='bbox 1131 2885 1181 2937; x_wconf 85' lang='lat' dir='ltr'><strong>sed</strong></span> 
     </span>
     <span class='ocr_line' id='line_1_32' title="bbox 207 2957 1181 3028; baseline 0.004 -19"><span class='ocrx_word' id='word_1_264' title='bbox 207 2963 389 3010; x_wconf 89' lang='lat' dir='ltr'><strong>armentorum</strong></span> <span class='ocrx_word' id='word_1_265' title='bbox 416 2957 467 3011; x_wconf 87' lang='lat' dir='ltr'><strong>diis</strong></span> <span class='ocrx_word' id='word_1_266' title='bbox 498 2975 636 3012; x_wconf 84' lang='lat' dir='ltr'><strong>sacrorum</strong></span> <span class='ocrx_word' id='word_1_267' title='bbox 656 2957 755 3012; x_wconf 88' lang='lat' dir='ltr'><strong>mentio</strong></span> <span class='ocrx_word' id='word_1_268' title='bbox 776 2957 814 3011; x_wconf 86' lang='lat' dir='ltr'><strong>fir.</strong></span> <span class='ocrx_word' id='word_1_269' title='bbox 855 2959 984 3028; x_wconf 89' lang='lat' dir='ltr'><strong>Plerique</strong></span> <span class='ocrx_word' id='word_1_270' title='bbox 1005 2966 1096 3013; x_wconf 88' lang='lat' dir='ltr'><strong>autern</strong></span> <span class='ocrx_word' id='word_1_271' title='bbox 1116 2958 1181 3013; x_wconf 90' lang='lat' dir='ltr'><strong>boni</strong></span> 
     </span>
     <span class='ocr_line' id='line_1_33' title="bbox 207 3032 1181 3107; baseline 0.005 -20"><span class='ocrx_word' id='word_1_272' title='bbox 207 3032 313 3103; x_wconf 78' lang='lat' dir='ltr'><strong>codd.⁸)</strong></span> <span class='ocrx_word' id='word_1_273' title='bbox 336 3051 396 3088; x_wconf 88' lang='lat' dir='ltr'><strong>cum</strong></span> <span class='ocrx_word' id='word_1_274' title='bbox 413 3034 540 3088; x_wconf 83' lang='lat' dir='ltr'><strong>Eustath.</strong></span> <span class='ocrx_word' id='word_1_275' title='bbox 561 3040 671 3088; x_wconf 83' lang='lat' dir='ltr'><strong>servant</strong></span> <span class='ocrx_word' id='word_1_276' title='bbox 690 3051 787 3089; x_wconf 89' lang='lat' dir='ltr'><strong>nomen</strong></span> <span class='ocrx_word' id='word_1_277' title='bbox 807 3051 894 3104; x_wconf 88' lang='lat' dir='ltr'><strong>paene</strong></span> <span class='ocrx_word' id='word_1_278' title='bbox 916 3035 1067 3089; x_wconf 88' lang='lat' dir='ltr'><strong>inauditum</strong></span> <span class='ocrx_word' id='word_1_279' title='bbox 1086 3037 1114 3089; x_wconf 90' lang='lat' dir='ltr'><strong>in</strong></span> <span class='ocrx_word' id='word_1_280' title='bbox 1134 3053 1181 3107; x_wconf 84' lang='lat' dir='ltr'><strong>ge·</strong></span> 
     </span>
     <span class='ocr_line' id='line_1_34' title="bbox 207 3110 1180 3190; baseline 0.003 -27"><span class='ocrx_word' id='word_1_281' title='bbox 207 3110 353 3181; x_wconf 83' lang='lat' dir='ltr'><strong>ographia,</strong></span> <span class='ocrx_word' id='word_1_282' title='bbox 382 3110 430 3164; x_wconf 89' lang='lat' dir='ltr'><strong>sed</strong></span> <span class='ocrx_word' id='word_1_283' title='bbox 455 3111 507 3166; x_wconf 89' lang='lat' dir='ltr'><strong>hoc</strong></span> <span class='ocrx_word' id='word_1_284' title='bbox 527 3113 586 3181; x_wconf 89' lang='lat' dir='ltr'><strong>ipso</strong></span> <span class='ocrx_word' id='word_1_285' title='bbox 607 3111 642 3164; x_wconf 84' lang='lat' dir='ltr'><strong>ad</strong></span> <span class='ocrx_word' id='word_1_286' title='bbox 663 3113 863 3182; x_wconf 89' lang='lat' dir='ltr'><strong>corruptionem</strong></span> <span class='ocrx_word' id='word_1_287' title='bbox 882 3129 1007 3182; x_wconf 90' lang='lat' dir='ltr'><strong>pronum,</strong></span> <span class='ocrx_word' id='word_1_288' title='bbox 1032 3115 1135 3190; x_wconf 68' lang='grc' dir='ltr'><em>Φηρείῃ</em></span> <span class='ocrx_word' id='word_1_289' title='bbox 1158 3131 1180 3167; x_wconf 89' lang='lat' dir='ltr'><strong>s.</strong></span> 
     </span>
    </p>
   </div>
   <div class='ocr_carea' id='block_1_5' title="bbox 205 3305 1182 3645">
    <p class='ocr_par' dir='ltr' id='par_1_5' title="bbox 205 3305 1182 3645">
     <span class='ocr_line' id='line_1_35' title="bbox 274 3305 1179 3377; baseline 0.007 -21"><span class='ocrx_word' id='word_1_290' title='bbox 274 3306 295 3370; x_wconf 75' lang='grc'><strong>8)</strong></span> <span class='ocrx_word' id='word_1_291' title='bbox 312 3305 434 3357; x_wconf 87' lang='lat' dir='ltr'><strong>Nonnulli</strong></span> <span class='ocrx_word' id='word_1_292' title='bbox 454 3323 550 3369; x_wconf 86' lang='lat' dir='ltr'><strong>eorum,</strong></span> <span class='ocrx_word' id='word_1_293' title='bbox 570 3315 599 3358; x_wconf 91' lang='lat' dir='ltr'><strong>ut</strong></span> <span class='ocrx_word' id='word_1_294' title='bbox 611 3307 735 3370; x_wconf 81' lang='lat' dir='ltr'><strong>Venetus,</strong></span> <span class='ocrx_word' id='word_1_295' title='bbox 752 3310 855 3361; x_wconf 89' lang='lat' dir='ltr'><strong>initium</strong></span> <span class='ocrx_word' id='word_1_296' title='bbox 872 3320 898 3360; x_wconf 87' lang='lat' dir='ltr'><strong>et</strong></span> <span class='ocrx_word' id='word_1_297' title='bbox 914 3311 986 3376; x_wconf 89' lang='lat' dir='ltr'><strong>quasi</strong></span> <span class='ocrx_word' id='word_1_298' title='bbox 1005 3326 1078 3360; x_wconf 89' lang='lat' dir='ltr'><strong>omen</strong></span> <span class='ocrx_word' id='word_1_299' title='bbox 1097 3311 1179 3377; x_wconf 89' lang='lat' dir='ltr'><strong>quod·</strong></span> 
     </span>
     <span class='ocr_line' id='line_1_36' title="bbox 206 3371 1180 3445; baseline 0.006 -21"><span class='ocrx_word' id='word_1_300' title='bbox 206 3373 263 3424; x_wconf 83' lang='lat' dir='ltr'><strong>dam</strong></span> <span class='ocrx_word' id='word_1_301' title='bbox 282 3373 465 3440; x_wconf 87' lang='lat' dir='ltr'><strong>depravationis</strong></span> <span class='ocrx_word' id='word_1_302' title='bbox 483 3376 585 3437; x_wconf 80' lang='lat' dir='ltr'><strong>hebent,</strong></span> <span class='ocrx_word' id='word_1_303' title='bbox 605 3371 720 3445; x_wconf 78' lang='grc' dir='ltr'><strong>Πηερῐῃ.</strong></span> <span class='ocrx_word' id='word_1_304' title='bbox 747 3379 776 3428; x_wconf 91' lang='lat' dir='ltr'><strong>In</strong></span> <span class='ocrx_word' id='word_1_305' title='bbox 790 3377 897 3428; x_wconf 81' lang='lat' dir='ltr'><strong>Scholiis</strong></span> <span class='ocrx_word' id='word_1_306' title='bbox 915 3378 980 3428; x_wconf 84' lang='lat' dir='ltr'><strong>nihil</strong></span> <span class='ocrx_word' id='word_1_307' title='bbox 999 3387 1039 3430; x_wconf 88' lang='lat' dir='ltr'><strong>est</strong></span> <span class='ocrx_word' id='word_1_308' title='bbox 1056 3379 1088 3428; x_wconf 82' lang='lat' dir='ltr'><strong>ed</strong></span> <span class='ocrx_word' id='word_1_309' title='bbox 1106 3380 1132 3428; x_wconf 87' lang='lat' dir='ltr'><strong>lr.</strong></span> <span class='ocrx_word' id='word_1_310' title='bbox 1147 3397 1180 3440; x_wconf 72' lang='lat' dir='ltr'><strong>n,</strong></span> 
     </span>
     <span class='ocr_line' id='line_1_37' title="bbox 205 3443 1182 3511; baseline 0.005 -20"><span class='ocrx_word' id='word_1_311' title='bbox 205 3443 331 3508; x_wconf 83' lang='lat' dir='ltr'><strong>usquein</strong></span> <span class='ocrx_word' id='word_1_312' title='bbox 349 3443 400 3493; x_wconf 89' lang='lat' dir='ltr'><strong>illis</strong></span> <span class='ocrx_word' id='word_1_313' title='bbox 419 3443 551 3510; x_wconf 84' lang='lat' dir='ltr'><strong>vulgatum</strong></span> <span class='ocrx_word' id='word_1_314' title='bbox 569 3445 673 3496; x_wconf 86' lang='lat' dir='ltr'><strong>affertur</strong></span> <span class='ocrx_word' id='word_1_315' title='bbox 690 3445 741 3496; x_wconf 87' lang='lat' dir='ltr'><strong>nisi</strong></span> <span class='ocrx_word' id='word_1_316' title='bbox 758 3463 808 3497; x_wconf 89' lang='lat' dir='ltr'><strong>uuo</strong></span> <span class='ocrx_word' id='word_1_317' title='bbox 827 3446 884 3497; x_wconf 91' lang='lat' dir='ltr'><strong>loco</strong></span> <span class='ocrx_word' id='word_1_318' title='bbox 903 3447 931 3511; x_wconf 78' lang='grc' dir='ltr'><strong>φ.</strong></span> <span class='ocrx_word' id='word_1_319' title='bbox 948 3446 1007 3501; x_wconf 87' lang='grc'><strong>383.</strong></span> <span class='ocrx_word' id='word_1_320' title='bbox 1043 3445 1095 3497; x_wconf 86' lang='lat' dir='ltr'><strong>Sed</strong></span> <span class='ocrx_word' id='word_1_321' title='bbox 1113 3446 1182 3497; x_wconf 85' lang='lat' dir='ltr'><strong>hanc</strong></span> 
     </span>
     <span class='ocr_line' id='line_1_38' title="bbox 207 3511 1179 3580; baseline 0.004 -20"><span class='ocrx_word' id='word_1_322' title='bbox 207 3511 383 3561; x_wconf 86' lang='lat' dir='ltr'><strong>auctoritatem</strong></span> <span class='ocrx_word' id='word_1_323' title='bbox 401 3528 450 3561; x_wconf 91' lang='lat' dir='ltr'><strong>non</strong></span> <span class='ocrx_word' id='word_1_324' title='bbox 468 3513 621 3578; x_wconf 81' lang='lat' dir='ltr'><strong>graviorem,</strong></span> <span class='ocrx_word' id='word_1_325' title='bbox 641 3522 711 3580; x_wconf 90' lang='lat' dir='ltr'><strong>puto,</strong></span> <span class='ocrx_word' id='word_1_326' title='bbox 731 3531 807 3580; x_wconf 87' lang='lat' dir='ltr'><strong>quam</strong></span> <span class='ocrx_word' id='word_1_327' title='bbox 824 3515 956 3575; x_wconf 83' lang='lat' dir='ltr'><strong>Macrobii,</strong></span> <span class='ocrx_word' id='word_1_328' title='bbox 974 3515 1105 3567; x_wconf 83' lang='lat' dir='ltr'><strong>habuisset</strong></span> <span class='ocrx_word' id='word_1_329' title='bbox 1117 3515 1179 3567; x_wconf 84' lang='lat' dir='ltr'><strong>Val-</strong></span> 
     </span>
     <span class='ocr_line' id='line_1_39' title="bbox 205 3577 781 3645; baseline 0.007 -16"><span class='ocrx_word' id='word_1_330' title='bbox 205 3577 307 3629; x_wconf 82' lang='lat' dir='ltr'><strong>ckenar.</strong></span> <span class='ocrx_word' id='word_1_331' title='bbox 324 3595 400 3645; x_wconf 83' lang='lat' dir='ltr'><strong>quom</strong></span> <span class='ocrx_word' id='word_1_332' title='bbox 417 3579 475 3634; x_wconf 86' lang='lat' dir='ltr'><strong>ride</strong></span> <span class='ocrx_word' id='word_1_333' title='bbox 493 3581 525 3632; x_wconf 87' lang='lat' dir='ltr'><strong>ad</strong></span> <span class='ocrx_word' id='word_1_334' title='bbox 543 3582 659 3636; x_wconf 82' lang='lat' dir='ltr'><strong>Ammon.</strong></span> <span class='ocrx_word' id='word_1_335' title='bbox 676 3582 722 3645; x_wconf 81' lang='grc' dir='ltr'>ΙΙΙ,</span> <span class='ocrx_word' id='word_1_336' title='bbox 742 3585 781 3637; x_wconf 68' lang='lat' dir='ltr'><strong>ld.</strong></span> 
     </span>
    </p>
   </div>
   <div class='ocr_carea' id='block_1_6' title="bbox 0 0 1354 4124">
    <p class='ocr_par' dir='ltr' id='par_1_6' title="bbox 0 0 1354 4124">
     <span class='ocr_line' id='line_1_40' title="bbox 0 0 1354 4124; baseline 0 6"><span class='ocrx_word' id='word_1_337' title='bbox 0 0 1354 4124; x_wconf 95' lang='lat' dir='ltr'><strong> </strong></span> 
     </span>
    </p>
   </div>
  </div>
 </body>
</html>
