2702 4124
659 327 698 386 Ι-
739 305 853 359 εο-

273 465 348 516 eerte
368 460 422 514 hoe
441 461 503 515 loeo
524 465 555 514 ut
573 460 715 531 epistolem
735 469 889 535 exspectes,
915 463 1019 519 inducit
1042 465 1247 536 quodammodo

271 537 333 608 ipse
344 553 402 608 res3
422 537 555 592 inducunt
573 534 683 604 σήματα
708 539 781 610 (quis
799 541 886 596 nescit
899 533 1030 590 Φοινικικὰ
1047 539 1158 608 σήματα
1174 533 1249 590 Κάδ

272 611 365 684 imi)
385 613 489 669 inducit
508 609 592 670 πίναξ
608 613 736 677 movit,
756 618 855 671 tabella
873 619 1041 690 complicata,
1061 619 1115 687 vel,
1135 618 1250 689 siquid

276 691 426 761 elegantius
446 692 562 761 quaeris,
584 691 776 766 odsipnnta⁴⁶).
813 694 856 748 Ite
876 712 941 749 vero
961 711 1126 766 magnopere
1146 695 1248 749 miren-

273 767 324 822 due
354 773 413 822 eret
443 785 589 823 consensus
618 772 790 842 antiquorum
824 770 1015 842 interpretum,
1051 771 1098 842 qui
1131 771 1249 826 verbum

272 840 391 910 γράφειν
415 845 461 898 hie
474 862 584 914 quoque
597 848 743 902 voluerunt
756 864 815 901 esse
825 844 981 914 χαράσσειν
1001 867 1022 905 s.
1037 851 1118 915 ξέειν,
1136 852 1252 922 σήματα

273 925 366 980 nativa
384 923 413 976 vi
439 915 541 970 εἴδωλά
558 935 627 986 τινα,
644 920 743 972 πίνακα
763 923 878 994 deniqne
904 921 1001 973 σανίδα
1024 944 1046 980 ιι.
1061 919 1249 995 ξυλάριονέθ).

274 1033 476 1044 ...........--

341 1086 375 1150 ⁴⁶)
394 1083 438 1134 sie
455 1082 508 1134 iere
531 1082 618 1150 optimi
642 1084 725 1150 Intpp.
761 1082 920 1149 Freneogelli
944 1084 1073 1152 plerique,
1097 1085 1142 1135 des
1164 1085 1253 1135 lettres

275 1152 333 1204 bien
348 1151 461 1210 οσοίλύοσι
479 1150 591 1217 Pupius,
610 1168 627 1200 α
643 1151 730 1203 σοολοά
745 1150 834 1212 tabletr
851 1151 895 1202 elii
912 1151 1035 1203 similiter.
1064 1154 1143 1216 Quasi
1155 1154 1253 1203 Latine

273 1221 322 1272 ills
343 1222 370 1272 in
394 1227 463 1270 textu
487 1220 621 1271 vertissent
643 1238 658 1271 e
681 1221 814 1280 cicerone,
837 1227 881 1269 eut
904 1219 1101 1286 descriptionem
1123 1218 1253 1288 plieetilis

274 1289 378 1340 tabulae
403 1287 570 1352 sumpsissent
593 1305 624 1338 ex
641 1288 778 1340 Herodian.
801 1289 869 1341 Hiet.
887 1287 914 1347 Ι,
935 1291 989 1349 17„
1012 1290 1079 1356 spud
1097 1307 1172 1356 quem
1190 1289 1253 1351 VII,

277 1359 302 1410 6.
318 1353 436 1413 πυκτοὺς
452 1352 565 1414 πίνακας
577 1355 718 1408 Politiunus
734 1357 798 1408 bene
809 1355 881 1408 vertit
892 1355 990 1406 litterar
1002 1358 1152 1424 οὸσίριιαισσ.
1180 1355 1254 1408 Num

276 1425 353 1476 etium
365 1424 456 1475 Pollux
473 1424 614 1474 audiendus
633 1426 682 1477 erit
692 1423 737 1485 IV,
757 1427 805 1485 18.,
824 1426 868 1475 ubi
886 1424 912 1474 in
933 1441 982 1476 uns
1000 1427 1066 1477 serie
1084 1443 1141 1478 eum
1158 1439 1254 1476 recen·

274 1494 380 1544 tioribus
402 1489 559 1560 τριπτύχοις
581 1499 606 1542 et
629 1491 812 1562 πολοπτύχοις
840 1492 1002 1543 Homericum
1031 1491 1127 1544 πίνακα
1155 1493 1255 1546 effert?

274 1561 343 1612 Num
366 1559 486 1626 Tragici?
514 1560 580 1626 epud
605 1577 668 1626 ques
696 1562 816 1628 leguntur
837 1559 954 1622 σανίδες,
967 1559 1083 1631 ’πτυχαί,
1107 1558 1255 1630 διαπτυχαὶ

276 1627 457 1696 γραμμάτων,
475 1635 504 1678 ut
522 1645 563 1694 ep.
583 1627 741 1694 Euripidem,
760 1640 813 1681 tum
831 1629 902 1690 alibi,
921 1637 975 1680 tum
993 1631 1098 1697 Hippoi.
1117 1631 1177 1685 856.
1196 1631 1253 1679 Ale.

276 1699 335 1754 970.
354 1697 465 1756 Seilioet,
483 1703 512 1746 ut
530 1696 594 1747 n‘ihil
613 1697 694 1748 dicem
712 1698 830 1749 demere
848 1697 1028 1764 Tregieorum,
1045 1715 1123 1748 nores
1141 1713 1254 1749 eonsue-

275 1768 378 1819 tudines
396 1767 424 1816 in
442 1765 574 1816 heroicum
591 1781 680 1816 sevum
698 1766 878 1829 transterendi,
897 1766 985 1832 piieeri
1002 1774 1137 1832 potuerunt
1149 1765 1255 1818 tubulus

276 1835 490 1900 omnitempore,
515 1834 579 1884 sieut
596 1851 642 1884 nos
661 1834 783 1901 plicemus
809 1836 935 1886 ehertem:
960 1835 987 1885 id
1011 1851 1089 1886 unum
1112 1834 1252 1901 quaeritur,

166 1953 171 1962 ,
276 1921 309 1956 en
326 1904 388 1955 illae
404 1903 471 1954 notis
490 1902 632 1954 litterarum
650 1910 675 1953 et
693 1919 754 1953 vers
771 1904 895 1968 scripture
912 1903 1076 1969 consignatae
1087 1903 1189 1954 suerint
1221 1902 1254 1953 Id

276 1989 323 2023 nos
341 1989 387 2023 nee
405 1970 507 2032 Pollux,
525 1987 574 2022 nee
592 1971 761 2033 Herodianus,
780 1988 828 2023 nec
846 1970 949 2037 Tragici
967 1972 1067 2024 docent.

353 2056 387 2124 ⁴⁵)
418 2057 614 2106 Aeeuretissime
641 2057 705 2106 haee
732 2057 890 2122 persequitur
915 2056 1030 2107 Euststh.
1058 2075 1083 2121 p.
1110 2057 1170 2112 632.
1198 2073 1255 2122 sqq.

277 2120 302 2176 Γ
298 2121 448 2193 ραμμάτιυν
463 2125 564 2191 χρῆσις
582 2122 705 2189 νεωτέρα
723 2122 807 2175 ἐστίν.
827 2122 958 2182 ὡςαύτινς
974 2123 1018 2176 καί
1036 2123 1068 2174 τὸ
1086 2120 1192 2181 άξεστα
1209 2141 1258 2192 ση-

277 2191 345 2275 μεῖα
361 2189 404 2240 διὰ
417 2189 727 2309 ἔρωμάτωνιέντηνπούν
746 2189 864 2279 ύστεροη
883 2191 1005 2261 εύρηται·
1024 2190 1068 2274 καί
1090 2194 1174 2261 ἡτῶν
1208 2208 1257 2260 αρ-
1326 2229 1327 2256 ,

279 2258 418 2380 titii
434 2275 530 2380 ,titt
538 2259 815 2395 itttt‘titttt
831 2258 1259 2396 {tiitmi‘dtiitttti

278 2394 321 2448 καὶ
338 2394 439 2455 λοιπολς
462 2394 492 2446 δὲ
506 2399 688 2465 χαρακτῆρας
705 2397 747 2455 εἰς
762 2395 898 2466 σημασίαν
923 2395 960 2448 ὧν
986 2396 1074 2465 λέγειν
1093 2394 1258 2461 ἐβούλοντο,

279 2463 350 2517 ούτιο
367 2462 409 2515 καὶ
427 2462 511 2528 αὐτοὶ,
530 2463 601 2514 καύὰ
618 2464 662 2514 καὶ
679 2467 733 2516 τῶν
752 2481 824 2523 τινες
836 2464 953 2532 ύστερον
968 2461 1087 2530 Σκυθῶν,
1106 2465 1257 2533 ἐσήμαινον

279 2531 297 2583 ἃ
315 2532 431 2604 ἤθελον,
450 2529 550 2583 εἴδωλά
568 2551 627 2585 τινα
645 2533 688 2584 καὶ
705 2532 834 2601 πολυειδή
851 2533 989 2616 γραμμικὰ
1007 2534 1133 2596 ἔέσματα
1158 2533 1258 2603 ἐγγρά·
1325 2591 1326 2594 ¹

279 2617 381 2669 φοντες
402 2600 462 2670 ἢτοι
486 2599 660 2668 ἐγγλίφοντες
683 2599 772 2658 πίναξι
796 2618 919 2654 τουτεστι
943 2601 1062 2664 σανίσιν,
1087 2599 1209 2660 ἀλλοίαις
1228 2619 1260 2652 τε
1325 2603 1326 2628 ¹

279 2668 323 2719 καὶ
340 2672 401 2726 ταῖς
418 2668 448 2719 ἐκ
465 2667 573 2732 πύξιον,
597 2668 631 2727 ἐξ
652 2668 690 2720 ὧν
713 2669 741 2720 αἱ
764 2669 908 2738 λεγόμεναι
931 2669 1051 2728 ποξίδες.
1079 2699 1111 2710 -
1140 2666 1261 2738 Σήματά

280 2755 363 2806 φησιν
382 2736 598 2804 ἐγκεκολαμμένα
622 2737 710 2789 πίνακι
727 2741 834 2807 πτυκτῷ
857 2755 875 2788 τ
914 2738 984 2790 κατὰ
1002 2738 1051 2807 τὴν
1071 2738 1089 2789 d
1104 2738 1259 2809 χαιοτάτην

299 2809 389 2874 ρήσιν.
409 2835 440 2844 -
460 2801 562 2856 Hiram
580 2805 705 2870 πτυκτόν,
724 2807 741 2856 ὅ
758 2823 849 2873 φαμεν
867 2744 947 2876 ήλιεῖς
964 2805 1058 2857 δέλτον
1096 2823 1137 2856 τοι
1148 2803 1259 2870 βιβλίον

318 2873 455 2925 πιττάκιον
474 2903 507 2913 -
518 2869 589 2944 Ἔχοι
607 2871 638 2925 άν
657 2891 700 2932 τις
715 2873 760 2925 καί
778 2877 860 2926 τούτο
878 2874 920 2934 εἰς
935 2875 1091 2942 μαρτυρίαν
1105 2876 1153 2926 τοῦ
1166 2872 1261 2932 ξύλοις

333 2940 514 3009 αράσσεσύαί
527 2959 595 2993 ποτε
612 2942 772 3011 γράμματα,
790 2942 935 3005 ὃμάλιστα
947 2941 990 2993 ἐπὶ
1001 2942 1157 3012 μαρμαίρων
1172 2941 1259 2993 λίδισν

283 3009 461 3080 ἐπεχειρήθη,
480 3008 521 3077 ἐφ’
541 3010 579 3062 ὧν
598 3010 642 3062 καὶ
660 3012 677 3080 ή
695 3013 744 3062 τοῦ
761 3012 880 3081 γράφειν
899 3011 1030 3078 ἁρμόττει
1055 3009 1260 3073 δνοματοποιΐα·

283 3078 309 3129 εἰ
327 3080 358 3130 δὲ
376 3077 420 3128 καὶ
438 3079 571 3147 συνήγετο
590 3081 606 3167 η
625 3079 737 3150 τοιαύτη
757 3079 851 3138 δέλτος
862 3082 878 3150 ή
891 3079 920 3130 ἐκ
933 3079 1034 3148 πεύκης
1047 3078 1259 3148 τριγωνοειδόνς,

283 3146 353 3198 κατὰ
370 3146 435 3206 τοὺς
451 3146 569 3215 ὕστερον
593 3146 725 3208 Αττυιοὺς
741 3145 855 3210 άξυνας,
881 3149 909 3198 ἐν
929 3145 972 3208 οἷς
988 3149 1261 3215 ἐπινακογραφοῢντο

285 3215 371 3280 νόμοι,
389 3215 589 3284 κυριολεκτοῖτο
607 3214 639 3267 ἂν
658 3215 698 3268 ἐπ
718 3216 805 3285 αὐτῆς
820 3216 864 3268 καὶ
881 3218 897 3269 ὁ
912 3215 973 3267 καθ’
986 3213 1033 3279 “Op
1052 3234 1103 3285 ρον
1123 3214 1207 3275 πίναξ
1217 3213 1261 3266 καὶ

283 3283 396 3354 ἡπαρὰ
416 3287 474 3344 τοῖς
490 3283 553 3348 μεθ’
565 3282 682 3356 Ὅμηρον
702 3285 802 3344 δέλτος.
821 3313 853 3324 -
871 3283 1012 3372 Χρήσιμον
1034 3234 1067 3336 δὲ
1086 3283 1128 3343 εἰς
1144 3283 1191 3335 τὸν
1211 3300 1259 3335 πα·

285 3352 373 3421 ρύντα
396 3351 476 3405 τόπον
504 3352 548 3404 καὶ
569 3354 601 3404 τὸ
623 3352 737 3405 παλαιὸν
762 3351 841 3419 teos,
869 3354 923 3404 κού
954 3351 969 3403 ὃ
994 3353 1118 3422 δένδροις
1141 3353 1195 3404 ὅσα
1214 3350 1259 3402 καὶ

284 3419 391 3478 πίναξιν
416 3419 597 3473 ἐνεκύλαπτον
621 3422 648 3473 οἱ
672 3421 779 3475 παλαιοὶ
801 3421 836 3473 τὰ
860 3425 915 3473 τῶν
940 3420 1107 3490 φιλουμὲνιον
1125 3421 1259 3484 ὀνόματα,

285 3487 324 3546 ὡς
348 3487 427 3557 εἴπερ
442 3486 565 3559 Ἔρωτες
587 3491 604 3560 ἦ
629 3486 739 3559 Νύμφαι
763 3489 868 3612 &serni
896 3494 980 3543 τοῦτο
1002 3489 1120 3542 ἐποίουν·
1145 3485 1259 3559 οἳον,ἡ

286 3554 364 3607 δεῖνα
380 3556 462 3626 καλή,
479 3560 494 3611 d
512 3559 589 3610 δεῖνα
606 3558 696 3619 καλός.
716 3589 747 3601 -
789 3559 926 3614 κτσύτιυν
945 3558 976 3611 δὲ
995 3558 1037 3611 καὶ
1059 3555 1192 3627 παροιμία
1209 3575 1257 3610 πα·
