2694 4116
642 301 851 356 -154-

264 467 345 535 seris,
371 472 534 521 nontamen
555 477 616 516 eam
635 459 691 515 vim
711 460 827 528 habere,
852 467 884 515 ut
904 457 1058 518 Aristarchi
1085 463 1184 520 merite
1208 465 1237 520 in

262 545 412 598 Homerum
432 541 585 611 explorate,
612 543 640 592 et
663 543 757 592 nostro
777 538 870 608 potius
890 554 972 608 quam
992 545 1115 595 veterum
1134 541 1236 596 iudicio

263 621 299 676 ad
319 635 412 675 venum
432 632 600 673 revocemus.

679 789 821 864 XLIX.

340 940 444 995 Eadem
470 940 582 995 fortuna
608 939 799 1009 conquerenda
824 939 903 994 nebia
924 939 1012 995 estin
1032 941 1080 1010 iis,
1108 959 1179 1013 quae
1203 943 1239 997 ad

264 1018 466 1075 celeberrimum
486 1017 588 1070 obelum
607 1013 759 1070 Aristarchi
779 1017 923 1086 pertinent.
952 1016 1005 1074 Illo
1022 1018 1092 1073 euim
1107 1027 1240 1074 armatum

264 1115 324 1152 eum
344 1094 513 1150 severissime
534 1094 651 1146 omnium
673 1109 783 1147 munere
804 1110 869 1147 sune
890 1095 956 1150 artis
976 1094 1108 1165 iunctum,
1134 1097 1242 1167 talique

263 1175 341 1244 signo
362 1187 440 1225 nsum
461 1186 519 1224 esse
540 1169 575 1222 ad
596 1185 690 1222 versus
711 1173 810 1238 poetae
831 1169 975 1240 splendore
1002 1171 1144 1242 indignos,
1171 1175 1242 1240 sive,

263 1257 294 1304 ut
321 1249 384 1304 olim
409 1245 607 1317 loquebantur,
637 1241 922 1312 παρεμβεβλημένθυς
941 1247 1153 1315 confodiendos,
1182 1250 1240 1304 uni·

265 1343 343 1382 verus
362 1323 511 1394 antiquitas
531 1328 655 1377 testatur.
696 1321 790 1392 Atque
809 1323 828 1376 ii
848 1324 958 1394 quidem
979 1331 1102 1379 veterum
1122 1327 1239 1398 scripto·

264 1421 332 1469 rum,
354 1401 401 1471 qui
420 1400 492 1456 hanc
511 1416 568 1453 rem
588 1400 681 1470 paullo
695 1400 834 1469 attingunt
847 1399 1012 1470 diligentius,
1032 1419 1088 1456 non
1108 1403 1241 1474 ambigue

264 1478 425 1550 significant,
446 1476 555 1532 obelum
574 1476 610 1530 ab
624 1475 785 1531 Aristarcho
801 1476 894 1544 primo
913 1478 949 1532 ad
972 1480 1142 1533 notationem
1160 1480 1242 1534 istinc

264 1555 371 1628 generis
392 1552 544 1608 adhibitum
552 1551 604 1623 ’ῆς
624 1553 675 1607 nisi
690 1553 760 1606 forte
775 1559 864 1623 putes,
879 1554 979 1610 similes
993 1556 1168 1625 superiorum
1183 1555 1241 1611 Ori·
1335 1579 1336 1590 ν

264 1635 380 1688 ticorum
409 1637 489 1684 notae
519 1629 677 1684 obscuratas
705 1636 732 1683 et
759 1629 929 1686 oblitteratas
959 1649 1019 1686 ease
1046 1632 1241 1692 Aristarcheis.
1335 1641 1336 1646 ’

265 1708 346 1781 Quod
368 1715 397 1761 nt
417 1707 544 1762 facillime
565 1708 695 1773 concedo,
715 1723 749 1760 ne
770 1707 860 1775 inepte
880 1707 1006 1778 pertinax
1026 1709 1126 1764 simin
1147 1728 1176 1764 re
1192 1711 1242 1764 ob·
1335 1707 1336 1778 f

264 1803 352 1854 seura,
372 1786 411 1840 ite
431 1785 538 1839 minime
558 1783 737 1838 dubitandum
762 1782 894 1854 arbitror,
921 1786 986 1855 quin
1015 1787 1087 1841 obeli
1114 1787 1242 1856 frequen·

264 1863 383 1919 tissimus
408 1868 436 1916 et
461 1861 600 1916 technieus
624 1878 689 1914 usus
713 1859 870 1916 auctoritati
899 1861 1052 1916 Aristarchi
1078 1861 1242 1918 tribuendus
1335 1903 1336 1916 r

265 1941 308 1995 sit.
341 1939 413 1994 Nam
433 1940 483 1993 etsi
504 1944 531 1993 et
544 1936 701 1992 Zenodotns
723 1944 750 1991 ot
763 1936 962 2007 Aristophanes
983 1939 1091 2008 saepius
1111 1940 1240 1993 dicuntur

265 2015 368 2086 aliquid
388 2011 533 2081 ἀθετῆσαι,
559 2021 587 2070 et
612 2013 686 2083 prior
711 2014 791 2068 etiam
818 2014 954 2069 infamiam
979 2015 1042 2070 inde
1063 2017 1138 2086 cepit
1157 2017 1243 2070 maxi·

265 2110 344 2161 nram,
366 2092 463 2146 borum
483 2098 573 2147 tamen
592 2090 680 2146 neutri
701 2091 768 2145 illud
788 2089 894 2160 signum
914 2087 1077 2157 ἀόετὴσεινς
1096 2094 1179 2162 plane
1194 2094 1242 2146 tri-

264 2169 357 2224 buitur
382 2169 418 2222 eb
443 2168 500 2223 ullo
521 2170 669 2238 scriptore,
697 2175 811 2237 excepto
834 2186 891 2222 uno
916 2170 992 2237 loco,
1019 2185 1100 2238 quem
1128 2177 1244 2238 propter

266 2247 346 2301 sliam
367 2263 477 2316 quoque
498 2263 607 2300 causam
626 2261 676 2313 pro
697 2245 827 2299 mendoso
841 2245 985 2316 habeo⁸⁸).
1020 2245 1050 2298 In
1065 2245 1160 2314 primis
1174 2262 1242 2300 vero

348 2421 399 2483 Ὣς
416 2423 440 2474 δ’
460 2423 508 2474 ὅτε
526 2424 582 2489 πῦρ
601 2419 646 2471 ἐπὶ
663 2418 761 2470 πόντον
779 2419 933 2490 ἀριπρεπές
949 2419 1041 2489 αἰθέρ’
1059 2416 1155 2490 ἵκηται.

265 2498 304 2548 lta
320 2495 404 2560 ipncm
422 2494 492 2545 dedit
509 2506 555 2558 pro
565 2491 655 2554 fumc;
674 2497 700 2540 et
718 2488 774 2554 quis
792 2508 841 2541 non
860 2509 917 2542 eum
936 2490 1120 2558 ineptissimum
1140 2489 1243 2552 diceret,

266 2565 317 2632 qui,
337 2564 358 2615 si
376 2563 418 2614 hie
435 2578 521 2613 versus
539 2559 617 2626 vulgo
635 2559 715 2608 lectus
733 2568 815 2617 asset,
833 2561 864 2610 ab
883 2559 988 2625 antiquo
1006 2559 1078 2609 lictus
1101 2557 1243 2623 rhapsodo,

265 2634 387 2692 alterum,
406 2631 449 2696 qui
466 2646 534 2680 nunc
551 2630 658 2693 legitur,
676 2627 749 2676 nobis
773 2627 892 2678 offerret?
916 2626 1016 2678 Griseos
1039 2626 1088 2678 hoc
1112 2626 1244 2692 specimen

266 2702 307 2761 sit,
326 2699 394 2779 quod
413 2699 500 2749 doceat
518 2696 603 2756 simul,
616 2711 693 2775 quam
711 2711 825 2746 reverens
842 2694 887 2746 ille
904 2695 980 2747 fuerit
997 2695 1115 2746 codicum
1128 2710 1242 2756 suorum,

266 2764 662 2902 quampnffidpergethffidplneffi
672 2771 933 2896 cAlrrteeetildenrorutos,
956 2832 1063 2882 sufficiat
1087 2830 1138 2880 duo
1162 2838 1243 2882 testes

266 2905 336 2965 dare,
357 2901 481 2954 Galerium
500 2903 526 2952 in
543 2901 595 2965 Hip
615 2915 666 2950 cer.
685 2897 717 2948 de
734 2897 794 2950 Nat.
811 2900 878 2951 horn.
899 2900 922 2952 2.
936 2899 965 2950 u.
978 2900 1010 2952 V.
1024 2917 1049 2965 p.
1064 2902 1103 2954 17.
1116 2892 1243 2966 Σημεῖόν,

267 2971 282 3021 ὃ
299 2969 426 3021 καλοῦσιν
445 2968 552 3033 ὀβελόν,
571 2985 617 3036 apr
636 2964 739 3051 σημείρ
756 2964 800 3017 καὶ
817 2964 995 3052 Ἀρίσταρχος
1012 2965 1151 3036 ἐχρήσατο
1170 2967 1244 3037 πρὸς

267 3037 346 3098 τοὺς
365 3037 666 3100 ὑποπτευομένους
684 3033 725 3084 ὑπ
750 3033 1023 3106 αὐτοῦστιχους,
1037 3035 1243 3104 Lueisnumpro

266 3112 364 3176 lmagg.
383 3111 424 3163 24.
443 3108 472 3160 Τ,
490 3109 523 3160 ΙΙ.
536 3126 560 3172 ρ.
573 3107 631 3162 504.
655 3100 681 3187 ‘q
697 3101 735 3155 τό
754 3103 838 3186 ruta
850 3103 1086 3186 ἐπισημηνάμενρς
1097 3107 1154 3153 τῶν
1167 3102 1242 3156 ἐπῶν

266 3184 493 3312 tltttttttt
507 3170 1125 3296 ttttltttt·fri¹tt⁰tttlt¹ttlttt
1139 3173 1243 3292 eiiii}

267 3325 292 3366 et
310 3315 415 3380 reliquis
433 3316 515 3380 signis
534 3311 628 3364 criticis
645 3311 673 3359 in
690 3309 836 3360 universum
854 3309 952 3362 erudite
976 3317 1033 3376 post
1057 3308 1122 3360 alios
1146 3308 1243 3360 multos

267 3383 434 3435 disserentem
454 3384 510 3434 vide
528 3379 630 3432 Villois.
648 3377 769 3444 Prolegg.
787 3395 812 3442 p.
831 3376 900 3428 ΧΠΙ.
919 3395 974 3444 sqq.

335 3449 369 3517 8ὓ)
387 3451 415 3502 In
437 3450 469 3502 Fr
503 3446 743 3505 annotationis,
763 3445 983 3512 praepositoolim
996 3445 1076 3497 codici
1089 3445 1162 3508 Vem,
1192 3444 1243 3495 uod

267 3519 365 3572 editum
385 3521 467 3570 estin
508 3518 553 3572 ibl.
572 3514 699 3580 Goetting.
718 3521 777 3566 vett.
793 3514 841 3564 litt.
859 3514 879 3565 1.
898 3532 923 3581 p.
936 3516 977 3569 69.
1009 3507 1058 3564 Τὸν
1071 3463 1241 3578 cssemoqlrn.
