2694 4116
512 337 721 390 -143-

126 493 310 551 litternlarum
335 501 470 567 occupata
496 495 628 550 doctrina
668 496 711 549 Ex
735 495 784 551 illa
809 497 857 568 qui
877 489 1001 563 [sperant
1021 495 1106 552 orse-

127 571 178 636 cis,
198 570 280 626 iidem
300 573 403 628 Latinis
422 571 523 627 iudices
541 572 702 642 emptorum
720 581 894 644 usurpantur,
914 574 1104 644 habenturque

126 645 157 701 in
177 647 231 701 boc
250 665 363 705 numero
383 650 428 705 vel
447 650 475 704 in
495 649 588 720 primis
608 649 635 713 ii,
656 665 726 720 quos
746 665 825 704 nemo
846 650 945 704 dixerit
964 651 1104 705 laborasse

126 721 213 792 illud,
241 731 272 779 ut
297 743 392 780 manus
418 732 559 780 auctorum
588 725 695 780 collatis
721 726 862 780 codicibus
882 743 931 781 seu
950 727 1107 781 coniectura

127 800 301 872 indagarent,
322 803 393 857 sicut
412 803 538 857 Maecius
558 802 667 872 Tarpa,
690 801 843 856 fabularum
864 805 967 857 Romae
986 803 1014 856 in
1034 820 1106 858 com·

126 877 285 933 missionem
304 879 498 950 producturum
518 878 629 933 auditor
647 877 912 948 aestimatorqueli).

205 954 267 1009 Tali
287 956 369 1026 igitur
388 955 575 1010 emendatione
595 954 640 1010 vel
652 956 743 1026 potius
757 972 871 1010 censura
884 959 1023 1010 certamnt
1037 956 1103 1008 olim

10 1068 16 1100 :
126 1030 154 1083 in
174 1029 296 1087 Homero
321 1037 350 1086 et
375 1031 453 1102 qnasi
474 1049 534 1085 cum
555 1031 677 1086 Homero
698 1031 791 1088 Gritiei
812 1048 920 1100 omnes,
946 1031 1102 1101 impellente

10 1143 24 1177 :¹
125 1107 187 1175 ipsa
200 1109 365 1176 praestantia
378 1107 541 1174 Garminum,
562 1114 593 1161 ut
612 1108 679 1161 nihil
700 1109 863 1176 omitterent,
884 1125 939 1178 quo
960 1107 1056 1177 augeri
1070 1125 1104 1161 ea

11 1223 24 1252 ἶ,
125 1190 230 1252 posset,
252 1191 281 1238 et
300 1183 512 1254 perfectissimus
532 1184 665 1238 sermonis
685 1190 713 1238 et
732 1185 856 1255 potticae
883 1184 949 1238 artis
973 1185 1046 1237 nitor
1065 1184 1105 1237 in·

10 1300 25 1333 2
126 1259 201 1313 duci.
241 1259 303 1330 Qua
328 1261 356 1314 in
381 1277 424 1328 re,
449 1278 504 1330 quo
524 1260 640 1330 quisque
660 1260 827 1330 ingeniosior
846 1267 913 1330 erat,
934 1277 967 1314 eo
988 1261 1102 1330 plerum·

9 1385 26 1411 3
123 1353 181 1406 que
200 1336 387 1391 immodestius
407 1337 516 1391 videtur
535 1343 660 1392 versatus
680 1354 754 1405 esse,
780 1343 938 1407 textumque
957 1353 1039 1405 saepe
1059 1337 1105 1390 de·

124 1429 256 1482 pravasse
276 1413 445 1484 corrigendo.
485 1413 596 1468 Scilicet
620 1413 644 1467 is
674 1414 768 1469 critico
789 1413 889 1467 iudicio
911 1413 1026 1467 maxime
1046 1413 1104 1484 pol·

14 1532 32 1562 -.
125 1490 183 1544 lere
203 1489 366 1559 putabatur,
393 1490 440 1560 qui
467 1489 598 1560 optimum
625 1494 735 1559 potitam
755 1491 867 1560 proprio
887 1490 995 1561 ingenio
1017 1506 1105 1544 emen·

127 1565 194 1620 dare
215 1572 333 1635 poterat.
372 1563 430 1620 Alii
449 1573 540 1620 autem
562 1566 763 1621 emendationes
783 1567 851 1621 tales
866 1568 909 1622 vel
922 1567 950 1620 in
964 1565 1105 1620 Commen-

127 1641 204 1696 tariis
225 1641 281 1696 suis
300 1643 506 1712 proponebant,
534 1642 578 1696 vel
603 1641 630 1696 in
655 1641 771 1710 scholis,
799 1661 831 1698 ex
860 1644 959 1713 quibus
987 1643 1105 1696 morab

8 1765 28 1795 ’,Ι
125 1718 298 1773 auditoribus
319 1719 528 1789 colligebantur.
568 1717 668 1772 Totam
688 1725 778 1773 autem
798 1737 855 1773 rem
874 1719 962 1789 primo
982 1737 1037 1772 non
1052 1718 1104 1772 dis·

124 1795 262 1865 plicuisse,
283 1795 403 1849 ostendit
422 1801 587 1850 memoratus
606 1795 698 1864 paullo
719 1802 782 1849 ante
802 1795 939 1850 litterator
951 1793 1102 1849 Athenien·

10 1869 36 1938 Q}
124 1872 172 1940 sis,
193 1871 240 1941 qui
260 1871 421 1926 emendandi
442 1871 555 1926 Homeri
575 1871 733 1926 facultatem
753 1878 780 1926 et
799 1871 918 1924 studium
938 1888 1016 1925 suum
1030 1870 1104 1924 Alci·

11 1942 39 2012 ἶ,
124 1948 201 2002 biadi
216 1947 382 2016 venditabat,
405 1947 522 2014 minime,
543 1949 566 2001 si
581 1947 645 2017 quid
660 1947 749 2014 video,
771 1947 906 2001 diversum
920 1948 956 2002 ab
972 1963 1015 2013 eo,
1030 1946 1105 2018 quod

7 2018 35 2092 J.
125 2025 172 2078 hic
192 2024 380 2079 describimus.
420 2023 489 2079 Post
513 2024 653 2093 aliquanto
674 2041 755 2093 quam
775 2023 911 2080 Zenodoti
932 2029 959 2079 et
979 2024 1104 2089 aliomm,

7 2095 35 2170 ’,Ῐζῖ
123 2100 150 2154 in
175 2100 293 2170 optimos
312 2118 408 2155 versus
429 2108 457 2155 et
470 2100 599 2155 universa
613 2099 739 2158 Carmina
752 2100 944 2172 grassantium,
965 2099 1106 2155 libidinem

7 2167 38 2248 Ῐῗ,
124 2178 236 2230 ιιίιιιίιιιιι
258 2178 408 2232 sensissent
426 2183 537 2231 vetusta
555 2183 739 2243 monumenta,
759 2194 804 2230 ars
823 2177 877 2230 ista
896 2176 953 2230 iure
974 2177 1065 2247 coepit
1077 2176 1105 2229 in

122 2255 226 2307 crimen
250 2260 278 2307 et
302 2253 540 2323 reprehensionem
565 2253 750 2307 modestorum
771 2259 799 2307 et
818 2253 992 2322 prudentium
1012 2253 1100 2307 incur·

11 2319 35 2410 &a
123 2347 199 2397 rere,
224 2331 367 2400 notarique
391 2349 410 2385 a
435 2330 526 2383 multis
554 2329 675 2384 commta
698 2329 841 2384 insolentia
866 2335 894 2383 et
919 2329 1105 2383 cantitaret

122 2406 224 2476 frigida
243 2423 309 2461 cura
321 2423 411 2460 rerum
425 2406 662 2460 minutissimarum
670 2404 716 2474 1⁷),
737 2405 785 2460 aed
800 2423 935 2474 nusquam
949 2405 1003 2458 hoc
1016 2422 1105 2476 genus
1138 2433 1139 2436 ¹

7 2451 43 2564 ᾗῇ
122 2483 239 2537 oetaeo
259 2490 287 2537 et
306 2483 446 2550 audaciae,
467 2482 542 2552 quod
561 2482 644 2537 hodie
658 2481 765 2536 criticis
786 2482 868 2536 obiici
888 2481 967 2536 solet.
1002 2482 1103 2552 Neque

195 2677 226 2742 ¹⁰)
244 2677 296 2728 cte.
313 2677 380 2745 Epp.
398 2678 432 2728 ad
449 2677 540 2729 Fannii.
559 2677 616 2738 v11,
643 2681 663 2731 l.
682 2677 746 2730 Ilor.
766 2675 847 2728 Serra.
865 2675 886 2738 Ι,
905 2677 945 2742 10,
964 2676 1005 2732 38.
1024 2678 1057 2730 Α.
1075 2675 1104 2730 Ρ.

33 2726 36 2736 ¹
125 2747 186 2800 387.
222 2745 261 2796 lbi
278 2745 389 2797 eundem
408 2745 517 2812 Tarpam
536 2746 696 2797 scholiastae
714 2745 835 2796 criticum
859 2753 885 2796 et
910 2746 1105 2806 emendatorem,

20 2849 34 2864 ‚.
125 2823 160 2874 at,
172 2813 241 2878 quod
253 2814 329 2864 modo
341 2815 427 2881 posui,
438 2829 552 2865 οοοονοιιι
564 2813 714 2878 doctumque
726 2812 867 2864 auditorem
879 2820 905 2864 et
917 2812 1103 2865 contrectarent

126 2881 279 2934 Ominum
296 2891 398 2934 vocant.

195 2949 226 3013 Π)
244 2949 310 3000 Vide
328 2949 451 3002 Herodici
469 2949 616 3016 Babylonii,
634 2957 661 3001 et
679 2949 826 3016 supparium
844 2949 952 3000 Horatio
965 2956 1105 3016 poetarum,

123 3017 282 3083 Antiphanis
299 3017 396 3069 Maced.
415 3017 580 3084 Philippique
597 3017 749 3068 Thessalon.
781 3017 936 3084 Epigrsmm.
955 3017 981 3068 in
991 3017 1104 3069 Brunclr.

124 3085 205 3137 Auel.
224 3083 256 3135 IL
275 3103 301 3152 p.
320 3085 362 3140 65.
382 3087 441 3142 205·
459 3085 491 3137 V.
509 3103 534 3152 p.
553 3086 613 3141 223.
631 3085 723 3136 mil.
743 3084 835 3137 XLIV.
854 3084 972 3150 (Anthol.
992 3085 1103 3136 Planud.

127 3153 160 3214 ΙΙ,
182 3154 234 3217 10.)
256 3153 301 3204 ubi
324 3154 439 3206 ridentur
462 3150 487 3204 Γ
482 3153 645 3220 ραμμοτικολ
668 3147 770 3212 Μώμου
792 3152 886 3213 τέκνα,
911 3149 1105 3219 Ζηνοδότον

125 3219 312 3286 σκύλακες,
333 3219 363 3271 οἱ
381 3220 461 3288 περὶ
478 3217 710 3292 Καλλίμαχον,
728 3217 763 3271 οἵ
778 3222 803 3270 τ’
821 3217 1105 3289 ἀπ”Αρισι-άμχου

125 3291 213 3356 σῆτες
229 3287 417 3356 ἀκανθολόγοι,
436 3286 577 3408 'Aptara‘
609 3305 705 3360 χειοι
722 3287 959 3352 γωνιοβόμβυκες,
976 3286 1105 3349 μονοσύλ-

125 3355 222 3420 λαβοι,
246 3354 299 3408 οἷσι
321 3355 427 3425 μέμηλε
452 3373 468 3408 τ
506 3351 567 3407 >llll
596 3395 604 3421 ‚
628 3357 660 3408 τὸ
683 3351 790 3409 idalii
810 3355 854 3406 καλ
877 3355 907 3407 τὸ
925 3351 994 3408 ΜΙΝ
1007 3355 1056 3425 ἠδὲ
1074 3356 1105 3406 τὸ

33 3421 46 3475 ἰ
128 3419 196 3477 ΝΙΝ
216 3434 265 3478 etc.
306 3425 429 3477 Similiter
452 3426 496 3476 alii
520 3437 592 3492 post,
615 3435 737 3491 tanquam
760 3424 905 3485 Lucienus,
929 3433 1019 3477 notans
1037 3426 1102 3474 τῶν

7 3551 14 3568 1
43 3486 46 3506 ¹
130 3493 177 3556 ἀμ
210 3491 293 3544 λτὸν
313 3489 507 3561 Ζηνόδοτον
532 3493 585 3544 καὶ
610 3491 832 3562 Ἀρίσταρχον
856 3495 1103 3560 γραμματικῶν

7 3543 47 3601 ¹³⁹¹
124 3509 227 3628 πολλὴν
245 3561 295 3630 τὴν
314 3559 499 3632 ψυχρολογίαν
518 3562 577 3615 Ver.
595 3563 664 3615 Hist.
683 3563 717 3612 11.
735 3580 760 3628 p.
782 3563 840 3616 117.
