2694 4116
671 341 879 397 ..100-

275 507 373 569 erlem.
394 505 490 574 utpote
509 499 591 556 tertio
611 499 699 571 gradu
718 504 850 556 remotam
862 516 880 554 a
892 498 1003 554 coelesti
1016 499 1142 568 veritate,
1162 499 1247 571 ipsam

276 593 387 655 quoque
408 595 506 636 venam
525 576 803 648 contemnendumque
822 583 850 631 et
868 593 981 647 pravam
1001 575 1157 646 magistrum
1177 578 1247 634 vitae

276 671 336 716 esse
356 651 613 722 demonstrabat&
653 653 750 723 Itaque
776 659 804 708 et
823 653 971 707 Homerum
989 657 1016 707 et
1035 653 1171 724 Tragicos
1191 670 1249 710 curu

276 731 348 793 omui
362 747 446 804 prege
464 725 614 797 tappetae,
628 728 772 797 χορευτῶν
791 737 819 784 et
832 731 993 784 musicorum
1007 745 1041 784 ex
1053 746 1127 785 nove
1140 729 1251 787 civitate

278 808 379 869 eduxit.
418 807 579 866 Primariam
599 806 671 860 illius
691 806 851 861 seutentiam
871 806 906 860 de
926 813 983 860 arte
1003 805 1112 875 po'e'tica
1132 807 1252 878 suscepit

278 885 445 943 Aristoteles
465 885 492 938 in
511 883 724 938 celebratissimo
739 882 842 951 libello,
862 887 1012 938 correctam
1024 881 1135 952 quidem
1150 885 1252 952 passim

275 979 294 1022 tt
314 978 351 1026 ee,
372 978 466 1016 verum
486 977 520 1015 ne
540 959 711 1030 sicquidem
732 959 902 1030 explicatam,
923 966 954 1012 ut
967 959 1064 1028 cuique
1077 960 1174 1028 generi
1189 959 1253 1015 Car-

276 1037 377 1096 mlnum
397 1038 463 1094 satis
483 1038 654 1091 conveniret:
679 1036 748 1090 edeo
769 1035 962 1092 didascalicum
975 1051 1061 1106 genus
1075 1035 1110 1090 ab
1126 1052 1160 1090 eo
1176 1053 1251 1107 pror-

276 1131 323 1173 sus
343 1114 503 1170 excluditur.
550 1112 646 1183 Neque
669 1119 734 1182 post
758 1112 935 1168 Aristotelem
961 1113 1104 1183 quisquam
1130 1111 1255 1182 philoso-

277 1191 395 1264 phorum
416 1206 508 1244 veram
528 1190 583 1244 viru
602 1189 676 1243 illius
689 1188 756 1242 artis
770 1194 818 1243 aut
829 1188 985 1243 historicam
998 1188 1255 1257 interpretationem

278 1275 353 1324 recte
374 1273 514 1321 assecutus
536 1265 653 1320 videtur.
691 1265 762 1320 Nam
786 1266 851 1320 dum
869 1265 998 1337 Epicurei
1022 1281 1130 1319 omnem
1158 1265 1255 1335 possin

279 1349 306 1400 el
328 1342 458 1398 muricem
477 1341 652 1410 reiiciebanl,
678 1340 870 1412 negabantque
889 1343 940 1396 sub
961 1341 1073 1396 Homeri
1092 1341 1198 1397 fabulis
1217 1343 1254 1396 le·

278 1425 336 1476 tere
357 1418 518 1484 doctrinam,
539 1425 647 1473 ceterae
667 1424 758 1474 sectae
779 1436 878 1489 magno
898 1419 988 1473 studio
1008 1419 1044 1473 ed
1063 1424 1173 1472 veteres
1195 1415 1254 1467 tiso

280 1491 355 1554 solae
376 1495 561 1562 recurrebant,
582 1492 668 1548 Stoici
682 1495 708 1548 in
723 1494 825 1563 primis,
845 1495 930 1564 Zeno,
951 1494 1105 1560 Cleanthes,
1120 1492 1254 1565 Chrysip·

278 1590 345 1646 pus,
373 1588 406 1626 ex
431 1572 548 1640 quorum
573 1571 681 1640 scriptis
705 1572 849 1626 maximam
872 1579 978 1642 partem
1004 1589 1038 1626 ea
1061 1579 1124 1625 sunt
1145 1570 1253 1638 hausta,

279 1665 350 1720 quae
370 1648 530 1702 Heraclides
550 1665 572 1702 s.
592 1647 757 1714 Heraclitus,
779 1645 924 1717 Cornutus,
945 1647 1107 1702 Eustatbius
1127 1646 1255 1702 afferunt.

279 1724 336 1782 Illis
350 1731 441 1780 eutem
454 1741 484 1779 se
497 1723 628 1794 opposuit
645 1722 831 1792 Aristarchus,
852 1725 942 1780 verbis
962 1728 1059 1794 politae
1071 1723 1176 1794 ubique
1189 1723 1254 1779 fide·

279 1803 342 1858 liter
361 1800 564 1870 inhaerendum,
586 1807 614 1854 et
633 1799 714 1856 istam
740 1799 892 1857 doctrinam
910 1819 998 1857 meras
1017 1817 1104 1870 nugas
1123 1817 1186 1855 esse
1206 1818 1255 1870 pu·

278 1878 394 1949 muel).
434 1879 531 1949 Neque
552 1894 616 1933 vero
630 1875 782 1932 Aristarchi
802 1879 952 1934 auctoritas
971 1876 1145 1946 auugatorio
1160 1877 1253 1931 studio
1331 1903 1332 1950 3

280 1956 392 2012 deduxit
406 1954 593 2024 philosophos,
618 1971 732 2024 quorum
752 1953 833 2006 etiam
847 1955 1052 2026 insequentibus
1065 1953 1184 2008 saeculis
1199 1954 1255 2008 fere
1329 1993 1330 1998 ,

278 2034 369 2088 nullus
389 2032 449 2098 fuit,
470 2032 590 2101 quinon
611 2031 731 2085 Homero
752 2025 895 2096 ἀπόρῥητα
915 2031 1049 2102 quaedam
1063 2029 1106 2084 vel
1119 2038 1195 2085 certe
1210 2029 1254 2083 de-

279 2116 356 2164 creta
375 2115 466 2162 sectae
486 2124 551 2162 sues
572 2107 738 2162 obtruderet.
778 2107 850 2160 Hinc
869 2109 958 2164 facete
978 2105 1137 2176 Seueca'H:
1159 2107 1254 2176 Appia

278 2192 321 2240 ret
340 2184 407 2238 nihil
427 2183 524 2237 horum
544 2200 603 2237 esse
622 2184 650 2238 in
662 2184 720 2253 illo,
740 2184 784 2238 cui
798 2185 889 2241 omnia
903 2186 1008 2254 insunt3
1028 2184 1082 2237 ista
1095 2183 1165 2237 enim
1180 2183 1253 2236 inter

280 2279 310 2316 se
330 2259 470 2314 dissident.
515 2259 674 2330 Eodemque
700 2262 817 2330 pertinet
842 2264 980 2331 quaestio,
1011 2278 1045 2314 su
1069 2259 1254 2329 philosophus
1330 2307 1331 2330 3

280 2337 364 2393 fuerit
389 2340 486 2407 polita,
507 2341 625 2392 tractata
644 2336 691 2392 illa
710 2337 862 2405 Favorino,
889 2338 1028 2408 Longino,
1056 2336 1198 2392 Oenomao
1227 2341 1255 2388 et

280 2415 350 2473 eliis.
390 2415 423 2467 lu
436 2430 490 2483 qua
503 2414 640 2482 quomodo
662 2423 786 2470 versatus
800 2414 835 2468 sit
850 2414 1029 2486 Porphyrius,
1049 2431 1083 2467 ex
1097 2413 1155 2467 eius
1168 2409 1254 2466 Scho-

280 2493 324 2546 liie
345 2496 372 2545 et
391 2507 514 2545 seorsum
535 2490 615 2544 editis
636 2492 776 2560 opusculis
794 2498 917 2560 apparet
950 2492 1055 2560 Nempe
1074 2506 1106 2544 ex
1119 2488 1172 2542 boc
1185 2493 1254 2542 tem-

280 2585 347 2640 pore
367 2566 482 2622 maxime
502 2565 659 2620 relabuntur
680 2566 778 2623 Graeci
798 2567 825 2618 iu
845 2567 920 2621 illum
939 2569 1073 2634 morbum,
1099 2571 1130 2618 ut
1149 2565 1254 2635 ubique

280 2645 426 2715 allegorias
447 2644 505 2698 sive
524 2643 688 2713 anagogicas
707 2645 766 2698 sive
786 2642 931 2698 historicas
951 2651 1070 2714 captent.
1109 2642 1192 2696 Hisce
1213 2658 1255 2696 ar·
1329 2689 1330 2712 ,

281 2722 332 2776 mie
352 2720 504 2774 Homerum
523 2717 640 2773 Procius
661 2720 824 2774 defendebat
844 2729 939 2774 contra
952 2721 1112 2787 Platonem3
1132 2718 1172 2773 ita
1184 2717 1254 2772 Sim·

282 2799 379 2868 plicius
399 2797 426 2849 iu
446 2795 545 2850 fabulis
560 2794 798 2862 παραπετάσματα
812 2813 892 2850 verce
906 2797 1055 2867 sapientiae
1070 2795 1194 2863 videbat3
1216 2794 1255 2848 its

282 2876 398 2944 denique
422 2872 515 2926 infime
540 2880 643 2940 aetate,
669 2887 703 2924 ne
734 2871 827 2940 plures
853 2875 1001 2943 appellem,
1027 2871 1115 2926 Mich.
1135 2871 1254 2938 Psellus,

283 2950 419 3006 Eustethii
433 2950 544 3016 amicus,
566 2955 593 3002 et
608 2947 778 3017 Nicephorus
792 2949 941 3020 Gregoras,
961 2951 1008 3005 ille
1027 2957 1173 3018 utrumque
1187 2945 1252 3002 Oar-

283 3046 353 3096 iueu,
374 3027 417 3080 hic
438 3026 547 3097 Ulyssis
567 3041 672 3079 errores
693 3024 854 3094 explicabat.

351 3274 384 3340 ²⁸)
402 3274 543 3338 Praecipue
560 3270 664 3337 legendi
682 3277 742 3322 sunt
758 3270 877 3321 studiosis
894 3277 945 3322 tres
962 3270 1021 3321 libri
1038 3271 1070 3322 de
1088 3269 1151 3337 Rep.
1163 3268 1195 3320 IL
1206 3268 1254 3320 111.

184 3397 188 3406 ,
283 3347 315 3398 X.
333 3345 441 3395 maxime
458 3360 474 3393 s
491 3359 515 3407 p.
537 3341 596 3395 603.
614 3355 675 3390 eum
691 3338 724 3389 ΙΙ.
743 3338 775 3389 de
792 3338 873 3406 Legg.
891 3357 907 3390 a
924 3357 950 3406 p.
969 3341 1028 3394 668.

353 3431 386 3496 27)
403 3427 469 3478 Vide
487 3425 601 3476 ldurteth.
620 3442 646 3490 p.
668 3425 692 3477 3.
710 3425 752 3478 40.
769 3423 828 3478 561.
847 3426 905 3479 614.

352 3514 385 3581 ²⁸)
403 3513 484 3582 Epist.
503 3508 667 3564 LXXXVIII.
686 3527 737 3560 uon
756 3510 773 3560 l.
792 3527 814 3562 a.
832 3527 871 3578 pr.
