2702 4124
624 333 661 344 -
700 307 738 361 4o
778 332 815 343 ..

656 459 779 536 XVII.

231 643 242 666 a
310 615 364 671 Sed
385 617 454 671 haec
476 617 538 687 ipsa
557 616 675 688 vestigia
694 616 825 671 historiae
845 624 977 688 arguunt,
1003 618 1074 672 inter
1093 619 1142 673 illa
1161 636 1214 688 pu·

203 689 213 706 ⁸
233 693 298 748 blici
311 710 377 748 usus
394 693 470 748 initia
484 699 511 747 et
526 693 668 763 vulgarem
681 694 903 748 consuetudinem
917 695 1053 749 scribendi
1066 693 1215 749 librorum-

234 787 287 839 que
309 769 538 825 conficiendorum
564 787 657 823 curam
678 771 764 825 multo
785 771 906 840 longius,
933 789 1015 841 quarn
1041 789 1112 825 nunc
1138 771 1215 840 quis-

234 864 316 916 quam
336 847 478 915 existimet,
500 847 672 901 intervallum
692 846 861 901 interiectum
882 841 975 902 fuisse.
1023 847 1076 901 Hic
1096 847 1216 917 primum

234 923 342 977 maximi
362 922 491 977 momenti
512 929 562 992 est,
585 923 658 992 quod
679 924 783 976 nullum
802 940 919 993 usquam
939 925 1091 978 litterarum
1106 941 1138 977 ex
1157 923 1214 978 isto

232 1016 331 1069 genere
357 1006 558 1053 monumentum
592 1007 818 1053 commemoratur
842 999 979 1071 Lycurgei
1009 1007 1058 1055 aut
1087 999 1214 1069 proxime

233 1075 401 1145 insequentis
421 1075 496 1144 aevi,
521 1092 575 1129 non
597 1075 726 1145 epistola,
754 1092 807 1130 non
828 1079 941 1145 pollina,
967 1095 1021 1131 non
1042 1076 1112 1130 liber
1131 1075 1215 1143 ullus,

233 1152 309 1206 cuius
331 1153 482 1222 exemplum
503 1153 548 1206 vel
562 1158 636 1206 certe
655 1153 752 1206 notitia
774 1152 889 1222 exempli
905 1154 939 1206 ad
958 1153 1124 1223 posteriores
1138 1157 1215 1205 aeta-

234 1233 276 1281 tea
296 1229 457 1297 pervenerit.
497 1229 556 1283 Nisi
577 1229 648 1283 forte
668 1228 789 1297 fabulas,
819 1229 852 1282 de
873 1229 972 1299 quibus
998 1234 1022 1294 ξ.
1037 1229 1120 1282 XIII.
1146 1227 1215 1294 dixi,

233 1304 327 1358 audire
347 1305 488 1373 volumus,
517 1321 619 1374 eosque
639 1305 802 1374 scriptores,
830 1306 875 1374 qui
896 1307 999 1375 priscas
1019 1323 1063 1359 res
1089 1304 1124 1358 ad
1149 1319 1216 1357 suas

233 1381 443 1434 eonsuetudines
457 1387 540 1450 atque
555 1381 694 1435 libidinem
709 1381 823 1451 fingunt,
839 1398 954 1451 quorum
969 1382 1049 1435 etiam
1063 1381 1089 1434 in
1101 1396 1215 1434 numero

234 1462 305 1524 sunt,
327 1457 374 1526 qui
394 1474 443 1511 suo
464 1474 493 1511 se
514 1456 606 1526 gladio
627 1456 801 1527 iugulent30).
833 1457 872 1511 At
893 1458 957 1527 quid
979 1457 1113 1527 privatam
1127 1457 1216 1524 scrip·

233 1537 323 1585 turam
344 1533 498 1602 quaerimus
519 1534 551 1586 iis
565 1533 742 1602 temporibus,
763 1535 862 1604 quibus
876 1536 903 1588 in
918 1551 1021 1587 summo
1036 1533 1126 1588 studio
1141 1532 1216 1586 ordi-

234 1608 384 1662 nandarum
405 1610 547 1663 civitatum
567 1626 601 1662 ne
621 1609 697 1679 leges
718 1610 826 1680 quidem
846 1611 970 1664 videmus
985 1610 1081 1664 litteris
1094 1609 1217 1680 promul·

234 1683 333 1752 gates?
364 1685 407 1739 De
429 1686 552 1740 omnibus
573 1685 729 1739 nationibus
750 1686 883 1742 Graeciae
903 1688 1011 1756 loquor,
1032 1703 1086 1740 non
1107 1684 1216 1754 excipio

232 1758 329 1829 Iones3
361 1761 396 1816 de
428 1763 526 1832 quibus
556 1763 621 1815 mihi
651 1777 701 1831 pro
731 1763 893 1818 auctoritate
922 1763 1078 1817 habendum
1106 1761 1219 1815 videtur

234 1836 371 1891 silentium
397 1856 503 1907 eorum,
531 1839 577 1909 qui
604 1846 710 1893 veteres
738 1840 828 1908 legum
854 1841 964 1893 latores·
980 1856 1062 1908 saepe
1088 1842 1219 1892 accurate

235 1920 401 1984 enumerant,
424 1917 550 1971 omnibus
570 1916 598 1969 in
620 1916 742 1970 ordinem
760 1917 885 1984 receptis,
908 1916 1006 1986 quibus
1021 1915 1118 1985 quovis
1132 1913 1218 1967 modo

234 1987 314 2042 huius
335 1991 450 2045 nominis
477 1993 565 2046 honor
594 1993 767 2047 tribueretur.
807 1992 911 2062 Nempe
935 1993 976 2045 illi
1002 1998 1044 2046 tot
1069 1991 1219 2060 scriptores

236 2066 376 2134 utriusque
397 2067 505 2136 linguae
529 2070 551 2121 si
574 2069 602 2123 in
624 2068 781 2122 Aristotelis
795 2075 823 2123 et
836 2069 1019 2138 Theophrasti
1034 2065 1219 2121 celeberrimis

236 2140 299 2193 olim
319 2143 396 2196 libris
419 2150 446 2196 et
466 2143 719 2214 collectionibusffl)
740 2147 855 2214 scriptas
879 2146 991 2199 Ionibus
1016 2145 1060 2198 vel
1081 2142 1218 2196 Aeolibus

236 2215 312 2286 leges
333 2219 468 2272 recenseri
489 2221 628 2289 vidIssent,
650 2227 712 2275 ante
733 2221 870 2275 Pittacum
891 2221 1000 2292 Olymp.
1022 2220 1157 2274 XLVIII.
1178 2219 1218 2272 la·

235 2299 292 2361 tas,
320 2293 397 2348 nemo
427 2297 595 2366 antiquitatis
615 2297 718 2367 peritus
738 2304 831 2366 putet,
858 2299 886 2351 id
907 2315 953 2352 eos
978 2304 1054 2352 tanto
1082 2313 1217 2350 consensu

235 2371 450 2438 transmissuros,
472 2391 524 2427 nec
543 2392 616 2428 novo
637 2375 744 2428 nornine
758 2375 873 2428 indicem
888 2392 965 2427 snum
979 2381 1108 2428 auctnros
1121 2373 1214 2426 fnisse.

236 2445 279 2500 Ex
300 2463 353 2515 qno
374 2448 542 2519 intelligitur,
564 2467 596 2503 ea
617 2451 721 2516 omnia,
744 2467 813 2520 quae
833 2458 890 2505 tum
910 2469 960 2520 pro
982 2451 1087 2521 legibus
1115 2454 1215 2517 essent,

236 2521 294 2577 sire
316 2529 398 2598 νόμοι,
420 2527 477 2580 sive
497 2532 615 2594 decani,
638 2528 694 2582 sive
714 2534 817 2602 ῥῆτραι
837 2529 1018 2597 vocabantur,
1040 2528 1067 2580 in
1086 2527 1167 2580 Ionia
1188 2531 1216 2580 et

321 2686 355 2751 ³⁰)
378 2689 416 2739 Ita
444 2689 552 2754 Gorgias
578 2697 740 2755 personatus,
770 2689 813 2755 qui
836 2689 971 2741 Palamedi
999 2688 1101 2739 invente
1125 2688 1215 2739 tribuit

236 2752 400 2819 γράμματα,
418 2755 526 2824 μνήμης
543 2756 677 2825 ὄργανον,
702 2759 816 2808 eiusdem
838 2767 920 2807 aetate
939 2757 1013 2824 quasi
1035 2757 1215 2822 pervulgatum

235 2837 309 2872 usum
329 2824 491 2890 epistolarum
515 2834 636 2877 memorat
659 2844 684 2892 p.
711 2829 781 2892 104„
808 2823 890 2876 falsus
915 2829 991 2876 etiam
1011 2825 1036 2874 in
1060 2825 1121 2888 hoc,
1145 2826 1214 2891 quod

235 2889 329 2942 ibidem
353 2893 476 2945 Graecum
505 2912 562 2947 cum
587 2896 696 2945 'Proiano
725 2894 780 2944 sine
805 2895 941 2959 interprete
964 2893 1076 2958 colloqui
1098 2896 1214 2960 potuisee

235 2969 322 3026 negat.
353 2964 419 3014 Istae
437 2963 459 3013 si
477 2964 517 3013 cui
533 2964 689 3014 satisfaciant
706 2961 823 3028 ineptiae,
842 2963 865 3013 ei
878 2962 993 3013 Ovidium
1006 2971 1133 3012 auctorent
1146 2963 1214 3028 Epp.

236 3028 376 3080 Heroidum
396 3039 422 3082 et
439 3033 532 3082 multos
545 3033 608 3084 alios
622 3033 825 3082 commonstrabo
837 3033 945 3081 maiores
958 3039 1084 3096 patronos,
1122 3047 1214 3080 uorum

236 3102 320 3147 teman
337 3098 422 3149 nullus
440 3107 490 3148 tarn
509 3101 645 3152 honoratus
664 3107 710 3159 eet,
729 3115 806 3163 quam
825 3101 953 3149 Mutinnus
977 3107 1014 3148 ter
1032 3048 1141 3158 conatii,
1168 3099 1214 3164 qui

237 3164 392 3232 Sarpedonis
415 3167 547 3233 epistolam
571 3169 699 3234 quandam
722 3185 738 3218 a
761 3167 837 3218 'l'roia
859 3167 981 3232 scriptam
1003 3164 1028 3215 in
1052 3164 1132 3232 Lycia
1157 3165 1214 3232 ipae

236 3233 342 3299 legerat,
361 3235 468 3286 mirante
487 3236 571 3287 Plinio
589 3236 659 3296 XIII,
681 3236 721 3290 13.

305 3319 338 3388 ³¹)
361 3321 427 3372 Vide
453 3320 525 3372 Febr.
548 3321 578 3372 B.
597 3324 638 3373 Gr,
658 3322 687 3372 L.
706 3321 750 3372 III.
770 3338 790 3376 c.
810 3324 879 3388 7:1³.
899 3324 956 3378 194.
976 3331 1002 3374 et
1022 3339 1042 3373 c.
1062 3324 1087 3376 9.
1106 3339 1131 3388 ρ.
1149 3321 1209 3375 251.

238 3385 333 3439 Omitto
350 3389 443 3440 similia
461 3407 538 3455 opera
555 3391 661 3443 aliorum
680 3391 712 3442 de
730 3391 828 3457 legibus
847 3391 952 3442 Graecia
976 3401 1002 3440 et
1020 3407 1106 3441 earnm
1124 3389 1211 3439 latori·

236 3454 293 3516 bue,
311 3457 394 3510 minua
412 3461 528 3511 tritorum
547 3459 662 3521 lectione,
680 3468 801 3527 tanquam
814 3458 970 3522 Callimachi,
982 3457 1127 3510 Heraclidis
1139 3456 1212 3508 Pon-

236 3521 288 3585 tici,
306 3524 441 3593 Hermippi
458 3536 505 3579 eto.
