2694 4116
499 309 706 366 -111-

119 485 187 526 vero
213 485 368 541 quenquam
391 469 570 526 Antimachus
594 472 622 526 iu
647 472 725 526 novis
751 469 869 526 Scholiis
893 474 976 528 semel
1006 473 1090 528 modo

21 575 28 592 ι
117 545 246 602 laudetur
258 548 364 602 nomine
378 547 549 618 Colophonii,
563 555 646 619 atque
659 548 697 602 ihi
707 554 739 604 ut
747 566 817 602 unus
828 549 883 598 τῶν
894 545 957 609 μεθ’
963 543 1091 618 Ὅμηρον,

118 623 149 690 (i.
171 640 194 678 e.
214 627 356 693 politorum
377 625 440 679 inde
459 625 494 679 eh
515 625 693 693 Archilocho,
718 643 750 680 ex
765 640 880 695 quorum
892 641 944 678 nan
958 624 1089 678 serrnonis

118 699 259 755 Homerici
277 703 442 772 apparebat,
469 702 606 771 quomodo
626 702 678 770 ipsi
703 702 775 756 buno
794 699 1011 770 intellexissent)
1031 701 1089 770 plu-

117 793 204 847 raque
236 794 269 831 ex
295 777 465 834 Carminibus
493 780 565 834 illius
595 797 676 849 quam
704 797 737 834 ex
766 776 920 832 recensione
944 777 1092 831 Homerica

117 852 319 924 afferuntur⁴⁶)‚
342 856 466 910 omnibus
488 864 576 910 temen
598 855 704 910 collatis
725 853 845 925 reliquiis
864 852 944 921 plene
964 853 1089 907 effectum

116 937 197 999 puto,
217 949 298 984 unum
320 932 421 1002 ubique
441 936 551 1002 poetam
570 931 769 1001 Colophonium
800 930 920 985 Socratis
939 929 1088 999 aequalem,

116 1007 326 1077 intelligendum
353 1027 422 1064 esse.
467 1007 592 1064 Ceterum
618 1008 764 1079 specimina
788 1011 842 1062 ieta
864 1006 938 1060 hsud
962 1023 1089 1076 magnum

117 1083 199 1136 nobis
227 1084 390 1139 desiderium
415 1093 525 1140 movent
549 1086 628 1141 buius
655 1085 822 1154 exemplaris.
861 1083 982 1136 Tametsi
1008 1083 1089 1137 etiem

117 1157 165 1212 hic
183 1160 451 1217 animadvertendum
472 1169 528 1230 est,
550 1164 584 1218 de
604 1164 728 1218 universo
750 1176 863 1230 corpore
883 1159 1011 1214 iudicium
1030 1158 1088 1212 lieri

116 1253 172 1290 nou
192 1253 274 1306 posse
295 1255 327 1292 ex
346 1247 402 1294 tem
423 1239 531 1294 minutis
552 1241 686 1302 articulis,
712 1245 740 1293 et
760 1255 792 1294 ec
812 1238 886 1308 ipsa,
912 1251 982 1306 quae
1008 1236 1091 1290 nobis

117 1313 219 1367 vitiose
239 1319 266 1368 et
286 1314 404 1370 absurda
424 1317 511 1370 videri
531 1316 639 1388 dehent,
661 1315 725 1372 olim
744 1314 866 1385 plurimis
887 1313 1088 1383 exemplaribus

117 1389 235 1450 fortusse
256 1393 409 1446 communia
426 1391 519 1448 fuisse.

197 1466 250 1520 Sed
278 1477 408 1536 quantum
433 1486 515 1523 caeco
543 1471 618 1525 oesui
637 1471 769 1526 debeatur
788 1469 815 1522 iu
836 1467 1027 1522 conservandis
1046 1467 1090 1522 his

116 1543 238 1596 articulis
258 1549 285 1598 et
304 1545 434 1614 frustulis,
455 1547 630 1602 memorabile
650 1547 840 1602 documentum
860 1544 983 1599 videmus
1002 1544 1031 1598 in
1045 1562 1087 1612 eo,

117 1619 192 1688 quod
214 1620 272 1673 eius
297 1623 473 1691 recensionis,
499 1641 569 1693 queo
594 1624 676 1694 vulgo
702 1622 736 1675 ed
763 1621 939 1676 Aristotelem
963 1621 1089 1689 refertur,

117 1695 168 1760 τῆς
186 1693 217 1743 ἐκ
235 1696 285 1744 τοῦ
303 1695 449 1764 νάρθηκος,
467 1717 501 1754 ne
521 1700 604 1754 semel
625 1700 733 1770 quidem
754 1700 854 1752 mentio
874 1698 905 1750 fit
924 1699 951 1752 in
972 1697 1088 1752 Scholiis

117 1775 228 1828 nostris.
264 1773 360 1847 [Lehrs
375 1776 461 1830 Arist.
475 1794 502 1846 p.
517 1775 592 1850 ete]
626 1775 782 1846 Apponitur
802 1775 910 1844 quidem
931 1773 1090 1828 Aristotelis

116 1851 266 1908 auctoritas
286 1852 312 1904 in
334 1853 452 1922 quadem
465 1854 597 1909 varietate
610 1853 744 1919 lectionis,
763 1869 818 1905 non
838 1851 877 1904 sio
897 1857 996 1918 temen,
1011 1857 1041 1904 ut
1060 1850 1088 1904 id

118 1946 151 1983 ex
175 1929 331 1983 recensione
356 1930 403 1985 ille
427 1937 568 1985 enotetum
593 1949 652 1986 esse
677 1926 861 1998 appareant).
905 1927 1002 1997 Neque
1021 1943 1088 1980 vero

118 2124 185 2189 aurs,
205 2123 269 2174 quse
286 2111 383 2158 inserts
399 2115 436 2157 est
453 2107 628 2172 Ephemeridd.
647 2107 757 2159 univers.
775 2105 850 2155 litter.
868 2103 942 2154 lenae
959 2103 1088 2170 prodeun-

118 2173 981 2312 atrtamlatr-...¹1:¹⁰..traarum.marr
1004 2187 1088 2223 ...m

187 2314 220 2376 ⁴⁵)
237 2311 394 2372 Posterioris,
413 2315 445 2363 cd
464 2313 538 2364 crisin
557 2315 659 2380 propius
678 2310 823 2379 spectantis,
842 2310 943 2374 generis
960 2307 1010 2359 loci
1027 2315 1089 2359 suut

120 2398 153 2448 aa
172 2413 197 2449 a.
216 2399 275 2453 ees.
299 2384 366 2452 4-24?
387 2400 445 2454 oea.
469 2415 495 2464 φ.
516 2401 573 2453 cor.
595 2415 623 2468 χ.
647 2388 713 2453 3-36ῗ
735 2399 764 2462 φ.
789 2383 857 2452 eoi
877 2397 931 2465 (aar
954 2411 1090 2462 perperam

118 2467 239 2532 scriptum
257 2465 285 2515 αἱ
302 2483 347 2533 pro
366 2465 391 2516 ot
408 2467 487 2532 primo
504 2467 624 2534 adspectu
648 2466 740 2517 famam
764 2466 874 2532 duplicis
898 2464 1016 2515 editionis
1033 2463 1089 2512 Au-

119 2552 258 2604 timaehese
277 2551 432 2618 spargebat)
450 2553 509 2605 871.
527 2570 556 2603 ω.
574 2544 615 2609 7-1,
635 2553 725 2618 quibus
744 2552 800 2602 add.
814 2550 928 2600 Eusiath.
943 2547 976 2597 ad
988 2563 1016 2613 φ.
1029 2547 1092 2600 397.

118 2640 144 2687 p-
170 2621 245 2676 1243.
280 2620 374 2671 Prioris
398 2631 457 2671 sunt
479 2621 506 2671 hi
530 2622 593 2674 loci:
618 2623 650 2673 cd
669 2636 699 2670 a.
720 2625 744 2675 1.
767 2617 795 2683 β.
820 2621 844 2672 2.
868 2632 894 2683 7·
914 2618 971 2671 197.
990 2614 1013 2668 0.
1031 2617 1091 2670 400.

117 2693 407 2790 ωας-[11199.
432 2722 454 2756 o.
476 2705 544 2773 ne.)
563 2723 584 2757 ε.
608 2709 633 2758 n
652 2706 719 2760 1....
746 2704 831 2758 esau.
856 2704 915 2758 ese.
941 2701 963 2758 ε.
988 2702 1049 2756 eoo.
1066 2698 1090 2752 r.

118 2797 178 2852 ‘153-
197 2792 221 2853 ἒ.
240 2798 298 2850 499.
324 2797 383 2851 500.
402 2810 429 2860 Ρ.
450 2792 506 2846 133.
525 2792 554 2856 ψ.
572 2794 630 2849 845.
650 2794 738 2847 0103.
773 2791 852 2842 Plura
870 2791 895 2840 in
922 2788 961 2838 his
985 2787 1091 2852 indigns

119 2873 178 2915 sunt
196 2866 268 2916 docto
286 2867 369 2929 polite,
388 2871 413 2913 et
430 2880 444 2911 e
462 2861 553 2925 quibus
571 2863 602 2912 do
621 2862 754 2928 discipline
772 2857 938 2918 Stesimbroti‚
957 2856 1028 2906 cuius
1044 2855 1092 2905 ille

118 2933 258 2999 discipulus
276 2933 354 2982 fuisse
373 2933 460 2991 lentur,
479 2945 529 2978 non
549 2931 643 2996 optime
661 2930 793 2981 existimes.
829 2927 881 2978 sed
899 2928 926 2977 in
949 2925 979 2975 iis
1003 2925 1090 2974 immo-

118 3002 169 3052 ruri
185 3017 253 3051 nunc
270 3017 320 3049 non
339 3009 418 3050 necat.

188 3069 222 3134 ⁴⁰)
240 3069 297 3119 Vid.
316 3070 347 3118 ad
365 3065 392 3131 β.
412 3067 453 3120 53.
472 3067 516 3116 ubi
534 3066 560 3117 in
579 3083 604 3117 α.
630 3069 689 3122 187.
710 3061 777 3116 ἄντα
799 3065 927 3116 scribitur.
962 3062 1026 3112 Fide
1050 3061 1089 3110 di-

118 3139 211 3206 gniore
228 3146 373 3202 santoneo
390 3135 525 3187 truduntur
542 3135 575 3184 sd
592 3152 618 3201 φ.
638 3138 696 3192 252.
715 3143 740 3185 et
756 3137 783 3184 in
796 3131 926 3184 Theocriti
938 3129 1045 3184 Scholiia
1058 3129 1091 3178 sd

120 3207 213 3273 Odyse.
231 3221 258 3256 π.
277 3207 333 3259 176.
353 3206 397 3255 nbi
413 3222 436 3254 v.
454 3201 568 3262 Bornos,
586 3205 712 3272 longeque
735 3201 807 3268 plura
829 3218 860 3252 ex
877 3201 927 3250 hoc
949 3213 1041 3267 genere
1064 3197 1090 3246 in

118 3275 181 3340 ipsis
200 3274 266 3340 Opp.
285 3274 386 3325 Aristot.
423 3274 461 3322 Ac
479 3271 541 3322 talin
560 3274 586 3322 in
605 3273 636 3321 iis
654 3273 727 3322 libris
745 3271 807 3330 eius,
826 3269 870 3336 qui
888 3267 1023 3333 perierunt,
1043 3264 1089 3314 sli-

120 3342 279 3461 qushmmlrlrlte
290 3343 368 3460 inisse
379 3339 835 3462 (2161111006ἧειῗείἓιιΰΞΙΙέιὲιταῗὶοηθε
847 3337 1007 3466 Ιεῖῂίοηυᾱιιι,β
1004 3333 1089 3454 0041ἶὲ-

119 3426 482 3476 morraesep.e1sn.
527 3445 532 3456 .
577 3445 583 3458 .
652 3426 783 3472 ‚.n
827 3422 946 3457 enerse
1082 3435 1089 3450 .

10 3539 11 3542 Ἴ
121 3489 146 3532 et
169 3497 185 3530 ι.
210 3482 251 3533 21.
275 3479 354 3529 cuivis
379 3485 497 3544 apparet,
518 3478 666 3528 Aristotelis
690 3492 783 3527 nornen
811 3473 959 3526 mutandum
985 3487 1042 3522 esse
1064 3469 1090 3517 in

120 3548 305 3615 Aristophanis.
