2702 4124
544 339 716 397 ..7-

144 501 268 573 plurimis
294 502 403 574 quidem
428 501 529 557 referta
553 502 731 571 lectionibus,
759 503 809 558 sed
835 502 867 558 iis
892 519 944 558 nec
968 502 1117 574 primorum

144 579 274 648 sontium,
300 596 352 634 nec
372 578 506 632 rationum
530 579 710 649 explicatione
736 579 802 634 satis
829 580 953 650 munitis3
979 586 1117 652 postremo

146 655 239 724 multa,
262 673 332 726 quae
353 656 388 710 ad
408 655 558 710 doctrinam
579 662 607 710 et
621 655 802 711 litteraturam
814 657 997 726 Homericam,
1018 674 1117 728 pauca,

147 749 218 802 quae
243 732 277 786 ad
303 749 411 787 sensum
436 732 604 802 politicarum
629 732 759 787 virtutum
783 733 981 788 informandum
1007 733 1118 802 faciant,

147 809 293 863 admodum
313 809 390 877 nihil,
411 808 485 878 quod
506 809 576 863 vatis
594 815 710 864 aetatem
724 809 780 863 suis
795 809 976 881 opinionibus,
997 811 1118 865 moribus

150 893 178 940 et
198 885 271 940 omni
292 885 423 940 sentiendi
445 892 473 940 et
493 885 630 956 cogitandi
650 892 745 940 tenore
764 890 963 956 repraesentet3
991 903 1026 940 ne
1052 883 1119 956 qnid

149 961 183 1016 de
209 962 330 1016 auctario
355 979 489 1033 nugarum
516 961 657 1016 doctarum
684 969 712 1018 et
738 961 907 1016 indoctarum
934 962 1037 1032 dicam,
1063 978 1118 1033 quo

148 1037 217 1093 haec
237 1055 346 1109 quoque
367 1037 477 1093 Scholia
496 1055 593 1093 aevum
612 1056 691 1093 suum
709 1044 852 1093 testantur.

228 1115 327 1184 Quare,
348 1122 378 1169 ut
397 1131 469 1169 nunc
488 1132 518 1170 se
537 1131 580 1168 res
601 1115 693 1183 habet,
715 1131 747 1170 ex
768 1132 822 1185 quo
837 1115 1007 1170 Graecorum
1021 1131 1053 1170 ac
1066 1115 1120 1170 La·

148 1193 267 1245 tinorum
287 1192 392 1246 litterae
406 1193 434 1244 in
447 1191 608 1262 popularem
621 1209 719 1262 gyrum
734 1193 849 1246 coartari
862 1199 1018 1263 coeperunt,
1039 1192 1120 1246 valde

149 1269 297 1322 verendum
317 1274 373 1336 est,
398 1285 432 1322 ne
453 1267 543 1338 operi,
571 1269 645 1338 quod
664 1269 779 1323 maxime
805 1268 897 1323 deficit
921 1269 949 1323 in
974 1269 1023 1336 iis,
1050 1284 1120 1338 quae

148 1345 232 1414 vulgo
254 1344 426 1416 cupidissime
450 1344 630 1414 acquirimus,
658 1347 703 1399 vir
729 1345 813 1414 aliqui
840 1345 998 1416 contingant
1023 1362 1037 1400 e
1062 1347 1120 1399 lon-

150 1421 253 1491 ginquo
273 1428 449 1490 venerantes,
476 1421 592 1476 lectores
613 1421 751 1492 perpauci.
798 1421 895 1491 Neque
914 1421 957 1492 id,
982 1430 1013 1477 ut
1038 1421 1121 1476 hodie

150 1497 225 1566 loqui
247 1498 349 1564 solent,
370 1498 424 1568 legi
445 1501 553 1567 potest3
580 1499 687 1552 assidue
707 1499 832 1566 tractari,
855 1498 959 1564 excuti,
980 1516 1040 1554 com
1060 1497 1120 1552 reli·

151 1575 212 1643 quis
233 1574 366 1645 omnibus,
388 1573 487 1644 quibus
507 1579 630 1628 vetustas
645 1576 774 1645 pepercit,
796 1575 923 1629 subsidiis
938 1576 1044 1631 curiose
1058 1591 1121 1629 con·

152 1650 216 1704 ferri
235 1651 332 1720 poscit.
374 1650 455 1720 Quod
477 1667 531 1720 quo
552 1651 612 1720 quis
634 1652 729 1706 iecerit
748 1651 903 1720 studiosius,
925 1669 958 1706 eo
977 1652 1063 1723 magis
1082 1651 1122 1704 in-

151 1727 258 1796 telligat
279 1734 402 1798 oportet,
429 1744 461 1781 ex
482 1734 583 1797 quanto
604 1728 745 1799 naufragio
765 1728 793 1782 in
812 1729 866 1782 hoc
889 1729 1028 1783 doctrinae
1054 1727 1121 1782 orbe

153 1820 234 1873 quam
254 1820 342 1873 pauca
361 1803 396 1858 ad
416 1821 466 1857 nos
485 1805 613 1873 perlapsa
626 1805 777 1874 fragmenta
791 1805 853 1870 sint,
874 1806 959 1859 instar
972 1805 1123 1858 forulorum

152 1880 258 1948 aliquot
278 1898 311 1934 ex
331 1879 499 1935 bibliotheca
517 1880 629 1950 ingenti.
671 1880 731 1948 Qua
751 1880 834 1936 dere
854 1888 962 1951 postea,
989 1881 1012 1934 si
1032 1881 1123 1934 locum

153 1957 186 2010 de
207 1957 370 2011 Homericae
389 1957 514 2011 lectionis
535 1956 654 2011 fontibus
676 1958 807 2027 attigero,
834 1958 958 2028 pluribus
979 1956 1123 2011 dicendum

153 2033 213 2087 erit.
259 2031 313 2087 Sed
338 2033 461 2103 quamvis
488 2049 521 2086 ne
548 2032 626 2087 unius
652 2034 761 2104 quidem
786 2035 934 2089 celebrium
961 2033 1124 2088 Criticorum

152 2115 276 2164 veterum
298 2110 417 2180 integras
437 2109 685 2164 animadversiones
704 2118 752 2164 aut
771 2113 955 2166 recensionem
982 2125 1123 2180 recupere-

152 2203 221 2252 mus,
244 2202 312 2255 ques
332 2193 445 2256 propter
464 2186 553 2240 varias
573 2202 668 2241 causas
689 2187 753 2241 mihi
774 2188 918 2242 verisimile
936 2195 1055 2253 nonest,
1076 2202 1123 2255 ge-

153 2262 237 2316 nuino
258 2279 307 2316 suo
328 2263 424 2317 habitu
443 2263 470 2316 in
485 2263 521 2316 V.
541 2268 569 2317 et
583 2262 634 2317 VI.
656 2264 795 2318 saeculum
814 2265 990 2334 perdurasse3
1011 2262 1123 2333 passim·

153 2355 207 2408 que
227 2339 256 2392 in
276 2340 388 2409 vulgato
408 2345 484 2394 textu
505 2339 654 2408 scripturae
674 2341 728 2394 sint
747 2339 804 2394 iure
822 2347 973 2410 suspectae,
995 2356 1062 2410 quas
1075 2355 1124 2392 no·

155 2415 198 2468 bis
219 2416 295 2469 nulla
315 2417 421 2471 notatio
442 2416 583 2484 sollicitet3
610 2417 663 2470 alie
682 2432 793 2486 prorsus
813 2416 929 2486 deserta,
950 2432 1021 2486 quae
1041 2432 1058 2468 a
1077 2431 1124 2470 ve·

153 2491 258 2546 teribus
280 2491 388 2547 diverse
408 2493 543 2546 illustrata
572 2509 630 2547 esse
657 2493 765 2547 aliunde
792 2493 896 2548 discere
922 2495 967 2547 vel
994 2490 1125 2562 suspicari

153 2568 251 2637 liceat3
276 2586 359 2638 quum
379 2569 521 2634 nonnulla,
543 2585 612 2638 quae
632 2568 779 2639 interprete
799 2587 853 2624 non
875 2570 1004 2640 egebant,
1027 2569 1125 2623 obruet

153 2645 239 2698 moles
259 2647 529 2700 commentariorum:
551 2645 599 2698 sed
620 2646 742 2715 quamvis
763 2646 831 2700 haec
852 2654 879 2700 et
898 2646 1000 2699 maiora
1020 2644 1125 2699 deside·

153 2737 206 2787 res,
226 2727 318 2775 tamen
339 2739 440 2788 eorum,
465 2737 534 2791 qnae
555 2721 645 2790 docte,
666 2729 754 2790 acute,
775 2722 914 2792 ingeniose
929 2729 1033 2788 notata,
1054 2735 1125 2790 quae

153 2797 256 2851 utiliter
276 2798 463 2854 animadversa
484 2803 532 2851 aut
552 2815 584 2851 ex
603 2799 790 2868 antiquissimo
805 2815 874 2852 aevo
887 2805 1040 2869 propagata
1053 2801 1124 2863 sunt,

154 2874 224 2928 adeo
245 2881 356 2944 superat
377 2876 469 2945 copia,
498 2881 529 2928 ut
550 2874 665 2944 quisque
686 2876 778 2929 videat
797 2876 849 2929 hoe
868 2876 997 2930 thesauro
1018 2875 1125 2928 recluso

153 2957 260 3004 tantum
282 2950 428 3006 adiumenti
442 2952 562 3005 Homero
584 2951 618 3004 ad
639 2957 801 3019 accuratam,
823 2959 850 3005 et
864 2952 984 3005 criticam
999 2957 1027 3005 et
1040 2949 1125 3002 histo·

154 3027 250 3097 ricem,
270 3028 521 3096 interpretationem
539 3028 665 3096 allatum,
691 3035 822 3098 quantum
841 3029 876 3082 ad
897 3027 1011 3082 aliorum
1030 3029 1125 3096 potta-

154 3121 223 3171 rnm,
244 3121 312 3172 quos
339 3103 419 3158 iidem
439 3101 617 3158 Alexandrini
637 3110 837 3171 tractaverunt,
857 3104 987 3159 babemus
1011 3103 1125 3157 nullum.

153 3179 229 3250 Ergo
250 3179 376 3234 desinant
394 3180 541 3249 aliqnando
557 3179 736 3235 Orientalium
754 3182 903 3236 litterarum
917 3180 1046 3251 magistri,
1067 3177 1126 3231 Ma-

154 3272 218 3310 sora
237 3273 287 3310 sua
306 3256 425 3326 superbi,
447 3257 541 3311 dolere
561 3257 698 3311 fortunam
711 3264 840 3327 nostram,
855 3259 929 3327 quod
949 3256 1028 3310 nobis
1041 3255 1126 3323 scrip-

154 3341 232 3386 turae
253 3332 414 3387 Homericae
439 3333 587 3387 auctoritas
614 3334 704 3402 posita
728 3334 764 3386 sit
788 3335 815 3387 in
838 3340 894 3388 tam
920 3348 1054 3386 novorum
1081 3346 1126 3384 co·

155 3408 246 3462 dicum
266 3409 334 3477 fide,
360 3409 497 3480 plerisque
517 3415 639 3463 veterum
659 3412 846 3464 recensionum
865 3408 987 3479 vestigiis
1012 3409 1052 3462 sic
1077 3406 1126 3462 ob·

155 3485 227 3539 tritis
247 3501 280 3540 ac
300 3485 405 3552 deletis,
426 3492 458 3540 ut
469 3491 560 3540 textus
575 3485 661 3539 nostri
676 3487 853 3541 conformatio
867 3501 953 3556 paene
966 3486 993 3539 in
1007 3485 1125 3540 obscuro

153 3560 246 3616 lateat.
286 3562 426 3617 Habemus
446 3579 526 3632 nunc,
547 3562 570 3616 ei
590 3562 680 3616 omnia
700 3562 818 3633 undique
839 3568 967 3633 excerpta
987 3561 1125 3632 componi-
