2694 4116
629 335 838 391 -106-

248 493 369 567 sugiunt,
385 492 433 565 qui
458 491 566 564 ingenio
590 492 691 548 valent.
730 493 856 565 Denique
880 495 967 550 omnis
991 494 1062 550 haec
1084 511 1131 551 ers
1156 511 1223 566 pro-

250 573 323 628 fecta
342 577 384 625 eat
403 570 494 640 potius
513 569 550 624 ab
571 569 730 643 aesthstico,
754 571 828 641 quod
848 578 983 626 nostrates
1003 579 1118 640 vocant,
1139 589 1223 643 quam
1324 615 1325 622 ,

249 649 345 704 critico
370 647 482 714 iudicio,
509 646 567 714 vel,
594 653 624 700 ut
648 646 687 701 ita
712 646 816 716 dicam,
842 665 859 702 a
883 649 992 719 po'etica
1016 649 1108 718 potius
1138 665 1220 718 quana

250 723 425 796 diplomatica
443 723 508 777 fida.
546 722 662 777 Praeter
681 723 785 794 reliqna
804 724 884 778 huius
903 725 941 780 rei
961 731 1129 796 argumenta,
1149 741 1221 796 quac

251 819 285 856 ax
310 801 435 856 universo
455 800 548 854 libello
574 807 668 854 nostro
693 800 775 855 facile
801 802 836 856 ad
862 801 1011 872 perfectam
1028 801 1221 857 inductionem
1325 863 1326 874 2

248 878 341 948 colligi
367 884 510 947 poterunt,
533 877 593 946 ipsa
618 876 683 931 illuc
708 876 783 931 ducit
807 878 891 946 ratio,
921 895 1001 949 quam
1027 879 1071 932 rel
1101 879 1221 950 optimos

250 954 495 1010 Alexandrinorum
514 953 541 1006 in
561 952 728 1009 emendando
749 961 856 1010 secutos
877 971 937 1010 asse
955 955 1119 1011 videbimus.

638 1127 822 1204 XXXIX.

327 1285 420 1357 Atque
445 1286 512 1354 hoc,
539 1286 675 1357 quidquid
695 1292 750 1352 est,
776 1287 857 1357 longe
884 1287 1051 1342 manifestius
1077 1286 1220 1342 ostendere

248 1364 354 1432 liceret,
374 1362 424 1417 nisi
446 1364 598 1433 antiquiora
616 1365 664 1417 illa
690 1363 864 1418 meditamina
889 1363 996 1418 critices
1019 1381 1106 1434 prope
1132 1364 1221 1418 omnia

250 1443 424 1496 obscurasset
446 1439 592 1509 insequens
616 1457 728 1506 aevum,
755 1440 929 1495 obscuratum
954 1441 1051 1495 deinde
1077 1447 1105 1495 et
1132 1439 1221 1509 ipsum

248 1518 342 1574 multis
361 1515 457 1572 modis.
497 1516 626 1570 Attamen
646 1522 709 1571 ants
731 1516 901 1570 Zenodotum
922 1524 984 1571 octo
999 1517 1124 1572 diversae
1137 1517 1221 1586 scrip·

250 1604 327 1649 turae
347 1593 479 1662 exempla,
493 1609 561 1663 quas
582 1591 683 1648 Graeci
703 1587 869 1658 διορθώσεις
888 1599 996 1660 vocant,
1011 1592 1172 1648 nominatim
1185 1591 1220 1647 ad

250 1688 300 1726 nos
311 1669 415 1740 perlata
428 1675 498 1723 eunt.
530 1668 607 1724 Duae
617 1669 712 1723 harum
727 1665 904 1737 dropdoioewa
918 1670 1026 1725 nomina
1039 1676 1139 1742 gerunt
1150 1670 1219 1723 cele·

251 1747 429 1802 berrimorum
449 1746 578 1813 virorum,
591 1743 756 1814 Antimachi,
772 1747 933 1818 Colophonii
947 1751 1055 1817 podiae,
1071 1753 1099 1801 ct
1112 1742 1220 1799 Aristo·

251 1824 323 1891 telis,
343 1823 419 1878 cuius
440 1823 575 1893 ingenium
589 1823 665 1878 ferax
679 1824 832 1878 beatissima
845 1840 933 1878 rerum
948 1825 1124 1877 maximarum
1142 1822 1222 1891 copia

248 1901 356 1956 nullum
382 1901 566 1954 venustiorum
591 1898 734 1954 Musarum
759 1917 827 1971 opus
853 1900 1060 1970 dedignabatur.
1106 1899 1143 1953 Et
1170 1898 1221 1952 has

252 1978 362 2048 quidem
387 1978 557 2031 recensiones
587 1983 665 2046 putet
694 1977 791 2052 aliquis
820 1994 886 2046 praa
916 1977 1012 2031 ceteris
1041 1974 1221 2030 numerandas

250 2071 311 2108 esse
331 2055 358 2107 in
378 2053 419 2118 iis,
441 2071 511 2122 quae
532 2056 557 2106 in
572 2052 686 2106 Scholiis
708 2048 833 2108 dicuntur
852 2049 880 2102 oi
897 2051 957 2101 κατ’
974 2047 1061 2118 ἄνδρα
1079 2051 1125 2123 ⁸⁸).
1160 2051 1221 2104 Dis·

250 2130 327 2200 trngr
318 2135 410 2182 untur
428 2130 464 2184 ab
485 2130 526 2184 his
546 2126 574 2177 ai
591 2126 768 2191 moderarum.
788 2126 816 2177 oi
833 2125 902 2178 κατὰ
913 2126 1013 2186 πόλεις,
1025 2125 1053 2176 ai
1064 2124 1094 2176 ἐκ
1107 2124 1222 2189 πόλεων,

252 2206 353 2275 ignotis
382 2207 547 2259 auctoribus.
591 2208 692 2260 Earum
722 2207 804 2274 duas,
830 2209 908 2278 quasi
934 2205 1098 2262 clarissimae
1122 2205 1221 2271 famae,

249 2283 303 2338 iam
324 2281 424 2335 dudum
446 2281 603 2337 Eustathius
624 2283 658 2336 ad
677 2283 791 2339 Iliadem
812 2303 864 2338 una
878 2302 939 2338 cum
953 2282 1120 2336 Aristotelea
1133 2281 1222 2335 nomi·

250 2365 376 2426 naverat,
404 2359 606 2416 Massiiirticam
633 2369 660 2414 et
686 2360 855 2430 Sinopicum·
882 2377 968 2432 nuper
993 2377 1025 2412 ex
1051 2357 1169 2428 Lipsicis
1196 2362 1223 2410 et

250 2434 364 2490 Venetis
391 2434 506 2489 Schoiiis
535 2447 653 2506 quatuor
681 2438 751 2492 aliae
776 2445 962 2492 accesserunt.
989 2453 1103 2506 quarum
1130 2435 1168 2502 si,
1192 2437 1224 2487 ut

249 2530 380 2604 quaeque
406 2530 517 2567 numero
549 2514 670 2582 pluribus
701 2513 863 2568 lectionibus
893 2514 1023 2578 innotuit,
1054 2512 1094 2565 ita
1123 2511 1223 2580 cuique

250 2573 408 2644 honoratior
434 2590 510 2644 locus
542 2590 669 2657 debetur,
700 2591 816 2658 (nullum
845 2601 937 2644 autem
967 2589 1089 2643 videmus
1119 2595 1223 2641 certum

251 2666 393 2736 ordinem)
413 2667 452 2720 ita
466 2667 527 2720 illae
542 2631 706 2721 ordinandae
720 2675 790 2733 sunt,
805 2668 847 2720 M
847 2667 997 2732 remlaotaco
1016 2664 1093 2732 Odia,
1107 2665 1223 2734 Argiva,

249 2739 393 2831 Sinopico,
423 2742 536 2812 prra'a,
566 2742 675 2797 Cretica.
715 2743 758 2796 Ex
784 2708 975 2810 Xdassiliotica,
1002 2758 1084 2812 quam
1111 2747 1224 2812 propter

251 2818 380 2888 originem
394 2818 475 2872 huius
489 2820 606 2874 civitatis
621 2820 820 2890 quodammodo
837 2820 954 2874 Ionicam
969 2819 1079 2886 dixeris,
1093 2818 1224 2873 lectiones

250 2894 285 2949 ad
306 2895 411 2966 viginti,
433 2913 466 2949 ex
487 2896 557 2951 Chia
576 2895 611 2950 ad
631 2897 789 2965 duodecim,
817 2905 844 2951 st
863 2896 902 2950 ita
922 2896 1048 2966 deinceps
1068 2893 1223 2984 pauciores

251 2988 267 3026 e
287 2969 395 3026 Cretica
415 2989 447 3026 cx
465 2971 572 3027 Seleuci
591 2973 730 3028 notatione
749 2990 828 3026 unam
848 2973 1009 3043 accepimus

329 3047 463 3117 Quoniam
477 3067 542 3104 vcro
558 3049 591 3103 de
606 3049 647 3104 his
661 3051 862 3105 recensionibus
876 3051 1000 3104 omnibus
1016 3053 1125 3117 praeter
1139 3043 1224 3100 Scho-

251 3124 345 3182 liastas
365 3125 426 3179 illos
447 3126 534 3180 omnis
554 3124 616 3180 silet
635 3127 791 3197 antiquitas,
812 3145 865 3180 aon
885 3127 973 3181 solum
986 3125 1013 3178 id
1027 3125 1161 3178 incertum
1174 3129 1224 3189 est,

251 3220 271 3258 e
295 3201 394 3272 quibus
421 3213 546 3270 curatae,
573 3209 601 3256 et
625 3211 717 3258 utrum
740 3204 851 3274 publica
875 3202 1039 3258 auctoritate
1064 3217 1100 3254 an
1126 3207 1225 3271 rogatu

252 3280 420 3350 privatorum
439 3278 529 3334 sactae
548 3279 610 3347 sint,
623 3279 672 3334 sed
693 3280 774 3334 etiam
793 3281 837 3334 cui
856 3280 911 3334 sint
929 3279 1013 3334 aetati
1031 3277 1223 3348 assignandae.

319 3494 353 3559 8θ)
375 3495 482 3546 Duobus
504 3501 601 3544 tanturn
624 3491 665 3544 his
688 3493 754 3545 loois
781 3508 904 3544 novorum
928 3491 1095 3551 Scholioram
1087 3489 1226 3609 ὄΛοὸ.

251 3562 282 3627 ψ
300 3563 342 3618 88.
378 3563 537 3615 Scholiorum
556 3577 648 3614 nomen
666 3561 708 3612 hic
725 3570 751 3612 at
768 3561 829 3612 alibi
847 3560 995 3628 simpliciter
1012 3558 1096 3610 tribuo
1133 3558 1223 3610 enatis.
