2702 4124
466 327 683 390 q-19-

98 503 234 568 videmus,
255 519 339 572 quare
359 519 413 556 non
427 502 521 556 eadem
542 503 644 571 optima
657 503 819 557 auctoritate
839 502 958 572 reliquas
978 519 1070 557 ornnes

99 581 250 636 alienarum
276 597 402 633 manuum
428 579 594 633 adiectiones
624 585 651 633 et
681 579 755 632 lusus
786 586 814 632 et
841 581 909 634 vitia
937 586 1069 636 tueamur.

99 658 192 712 Unam
211 655 282 710 banc
303 656 535 724 quaestiunculam
554 655 703 709 discedenti
716 656 836 708 Homero
857 673 1008 724 proponere
1023 656 1070 710 ob-

98 735 166 786 litus
188 738 230 786 est
248 730 354 786 facetus
373 728 520 799 fabulator,
542 749 673 800 quaenam
695 748 727 785 ex
747 737 789 785 tot
808 731 922 786 diversis
936 733 1069 786 recensio·

97 809 182 863 nibus
202 809 345 878 probanda
365 815 436 862 esset
457 809 495 874 ei,
522 809 569 877 qui
595 809 669 861 illurn
698 825 757 860 cum
782 815 915 878 apparatu
939 807 1071 862 librorum

98 886 208 954 legere,
233 893 282 939 aut
305 886 363 954 ipse
391 885 425 938 de
452 885 495 937 his
515 884 596 938 rebus
617 884 735 938 iudicare
754 901 807 938 non
830 891 944 939 curaret.
984 885 1071 940 Nimis

99 963 173 1016 enim
193 963 364 1016 temerarium
385 968 457 1015 esset
477 967 505 1014 et
524 961 759 1028 inconsideratum,
780 962 857 1015 unice
878 979 937 1014 eam
957 963 1070 1031 scriptu-

97 1057 167 1106 ram,
190 1055 260 1107 quae
280 1055 330 1092 suo
350 1055 419 1092 aevo
433 1039 506 1092 forte
519 1054 637 1106 casuque
651 1038 763 1106 vulgata
782 1037 905 1103 ferretur,
926 1055 976 1106 pro
996 1045 1072 1092 recta

98 1121 128 1168 et
148 1116 267 1185 genuina
291 1115 402 1169 habere.
442 1115 548 1168 Numne
574 1114 626 1168 hoc
650 1114 724 1168 aliud
750 1119 805 1180 est,
830 1132 911 1183 quam
931 1115 1003 1183 eiuS,
1025 1115 1071 1184 qui

99 1193 174 1245 inter
194 1191 284 1260 plures
305 1192 466 1245 novissimus
486 1191 596 1244 locutus
616 1191 660 1256 sit,
681 1191 805 1244 assentiri
825 1189 994 1244 sententiae?
1027 1191 1072 1244 Ita

96 1268 224 1321 nimirum
250 1269 297 1337 qui
323 1268 405 1321 sentit
431 1267 605 1336 descriptis,
631 1268 653 1320 si
677 1267 734 1320 vita
754 1267 810 1320 eius
835 1268 862 1320 in
882 1267 955 1321 aliud
973 1285 1072 1322 aevum

97 1343 252 1411 incidisset,
278 1345 359 1398 aliam
386 1344 524 1413 vulgatam
552 1343 780 1412 comprobandam
804 1344 931 1412 haberet3
958 1345 1021 1412 quin
1048 1345 1072 1397 si

97 1427 192 1474 textus
212 1420 248 1474 ab
263 1421 339 1474 initio
354 1421 480 1490 prolatus
500 1437 534 1472 ex
547 1420 642 1474 iisdem
663 1419 738 1473 libris
753 1427 834 1487 esset,
856 1437 970 1489 quorum
990 1421 1072 1473 fldem

96 1497 265 1566 sequendam
286 1513 345 1550 esse
366 1503 456 1566 negat,
477 1513 575 1566 magno
600 1497 690 1550 studio
711 1497 920 1566 amplecteretur
940 1514 980 1565 ea,
1002 1515 1071 1567 quae

96 1591 169 1627 nunc
190 1574 293 1644 spernit
312 1591 344 1628 ac
364 1574 458 1626 reiicit.

176 1651 274 1719 Neque
300 1667 364 1704 vero
396 1649 511 1719 denique
538 1649 679 1719 quisquam
707 1648 806 1704 menda
831 1647 1003 1704 librariorum
1027 1651 1072 1705 vel
1111 1697 1112 1700 ,

97 1726 314 1796 typothetarum,
336 1743 406 1795 quae
421 1726 530 1781 saeculo
552 1743 601 1780 suo
621 1728 650 1780 in
663 1727 803 1798 vulgatam
823 1726 968 1780 lectionem
988 1729 1070 1797 irrep-

98 1813 202 1870 serunt,
223 1808 280 1856 tam
300 1807 392 1857 sancte
413 1803 600 1856 conservanda
619 1809 705 1872 putet.
746 1802 833 1857 Velut
853 1819 938 1870 nuper
957 1804 984 1856 in
1003 1804 1071 1857 mul-

96 1879 132 1932 tis
152 1879 232 1933 editt.
252 1881 358 1949 vulgari
379 1885 506 1948 coeptum
526 1885 568 1934 est
588 1875 612 1927 l·
628 1878 685 1929 546·
699 1875 842 1948 dttt'ltvpro
856 1873 1070 1939 deiloquam.

96 1951 170 2003 αὐτά
187 1967 214 2019 p.
234 1951 329 2017 αὐτάς,
348 1971 375 2021 ρ.
394 1954 453 2006 750.
472 1940 548 2022 ἴσχεν
566 1968 592 2020 p.
613 1950 684 2023 ἴσχει
709 1961 760 2009 etc.
800 1955 891 2008 Hasce
916 1955 990 2010 leves
1015 1974 1070 2012 ma-

97 2033 185 2099 culas,
207 2033 298 2100 credo,
318 2033 440 2102 abstergi
454 2033 553 2086 sinunt.
585 2033 702 2088 Utamur
721 2048 786 2102 ergo
799 2033 939 2101 permissu,
960 2033 1070 2103 quando

97 2110 198 2164 similia
217 2126 246 2162 se
266 2109 319 2164 leni
339 2110 502 2163 correctioni
516 2110 638 2178 offerent,
658 2109 722 2163 licet
741 2109 846 2178 aliquot
867 2110 981 2164 saeculis
1001 2111 1070 2164 anti·

97 2186 204 2255 quiere.
246 2184 318 2254 Quid
343 2191 434 2240 autem
459 2202 492 2239 ea
518 2187 619 2253 dicam,
646 2203 716 2256 quae
736 2178 973 2234 Μουσοπνευστίαν
996 2187 1070 2240 illam

97 2262 243 2316 manifeste
271 2261 388 2331 produnt
414 2262 532 2317 humana
557 2263 723 2332 negligentia
747 2267 775 2316 et
802 2262 909 2316 inscitia
938 2263 1069 2330 vitiatam,

20 2339 21 2352 ¹
97 2339 274 2393 barbarismis
300 2345 327 2392 et
347 2338 528 2406 soloecismis,
552 2339 640 2408 iisque
661 2338 900 2409 depravationibus
920 2339 1070 2393 sententiae

97 2421 127 2469 et
147 2416 288 2483 orationis,
310 2431 378 2484 quas
391 2432 470 2468 nemo
491 2417 518 2469 in
540 2415 596 2469 ullo
614 2415 754 2484 scriptore,
775 2415 874 2469 nedum
894 2416 922 2468 in
941 2413 994 2468 hoc
1015 2431 1070 2468 om-

96 2492 173 2544 nium
206 2493 342 2561 principe,
370 2508 459 2561 aequo
489 2493 578 2546 animo
609 2491 698 2546 ferat?
737 2492 826 2544 Huius
850 2507 959 2561 quoque
988 2497 1070 2544 notae

97 2585 189 2636 pauca
208 2567 359 2629 subiiciam,
385 2575 412 2622 et
432 2569 498 2623 talia
516 2569 640 2636 maxime,
661 2585 732 2637 quae
752 2569 849 2637 exiguo
870 2567 953 2620 ductu
974 2567 1070 2622 calami

96 2645 134 2699 ad
165 2645 392 2713 praestantiorum
424 2645 553 2699 librorum
585 2651 678 2698 nutum
705 2645 800 2714 refingi
825 2650 960 2714 poterant.
999 2644 1070 2700 Nam

98 2735 122 2769 ε·
141 2720 200 2770 416.
220 2717 289 2787 ῑχῶρ
310 2721 419 2776 abiecta
443 2739 498 2776 una
523 2722 614 2776 littera
637 2722 751 2790 praebet
770 2721 937 2775 verissimam
956 2721 1070 2790 scriptu·

97 2815 158 2852 ram
180 2793 238 2863 ἰχῶ,
257 2815 338 2866 quam
351 2797 477 2852 Eustath.
493 2799 649 2852 doctissimo
670 2799 767 2866 cuique
784 2798 848 2852 olim
867 2797 1002 2867 placuisse
1015 2804 1070 2852 tra·

98 2875 148 2941 dit,
174 2873 210 2928 ad
234 2873 345 2927 modum
369 2874 530 2942 formarum,
556 2871 634 2940 ἱδρῶ,
653 2874 739 2923 κυκεῶ
763 2880 790 2928 et
814 2874 948 2928 sitnilium.
991 2874 1070 2929 lllam

98 2952 171 3005 enim
190 2951 332 3020 vulgatam
351 2952 450 3004 nemini
464 2969 583 3021 unquam
604 2957 699 3005 neutro
713 2967 812 3020 genere
831 2949 981 3006 adhibitam
1000 2967 1069 3019 esse,

100 3033 217 3081 centena
242 3028 304 3082 loca
327 3027 493 3082 medicorum
519 3027 632 3097 docent3
656 3044 744 3097 neque
771 3027 799 3081 id
825 3027 969 3082 voluerunt
994 3028 1027 3096 ii,
1052 3045 1070 3081 a
1171 3051 1173 3054 ·

99 3103 201 3174 quibus
222 3120 281 3158 eam
299 3105 466 3174 accepimus,
492 3104 528 3158 ad
554 3121 669 3174 quorum
692 3111 807 3158 mentem
833 3104 926 3174 utique
945 3109 1070 3176 apostro-

98 3180 173 3250 phus
186 3179 327 3234 addendus
345 3182 443 3234 fuerat.
476 3180 530 3234 Sed
545 3181 598 3235 hoc
611 3181 707 3235 vitium
725 3181 779 3234 iam
792 3181 938 3236 Bamesins
952 3179 1068 3236 sustulit.

100 3258 134 3310 In
155 3257 254 3310 eodem
273 3258 343 3311 libro
363 3275 390 3311 v.
406 3261 471 3314 394.
491 3257 562 3311 idem
584 3275 617 3311 ex
634 3257 713 3310 codd.
734 3259 789 3311 suis
803 3258 937 3327 corrigere
952 3256 1070 3312 debebat

100 3333 224 3402 ineptum
238 3347 295 3381 κεν.
325 3334 387 3402 Quo
401 3333 518 3388 admisso
534 3335 668 3389 sententia
677 3351 761 3404 prave
776 3334 895 3388 imitatur
906 3332 1069 3404 hypothesin

98 3414 294 3478 versu1388‚
323 3425 405 3480 quum
435 3411 526 3480 potins
552 3410 671 3465 eiusdem
698 3410 804 3480 generis
830 3410 865 3464 sit
889 3427 922 3464 ac
947 3409 1070 3480 proxima

97 3505 126 3540 v.
149 3491 215 3543 395.
236 3503 296 3556 sqq.
329 3487 381 3541 Est
401 3487 471 3542 euim
490 3486 567 3556 haec,
589 3479 722 3552 τλῆἩρη,
734 3483 783 3534 ὅτε
795 3499 838 3545 μιν
852 3483 991 3552 κρατερὸς
1005 3485 1070 3540 παῖς

95 3558 129 3614 Ἄ.
148 3561 234 3630 ὀϊστῷ
250 3557 344 3624 βαλὼν
365 3560 490 3632 ὀδύνῃσιν
509 3559 619 3613 ἔδωκεν.
661 3563 737 3620 Alibi
762 3569 858 3618 contra
881 3565 1014 3632 particula
1037 3575 1070 3609 1⁸

863 3654 890 3694 ι·
