2694 4116
601 247 812 302 -120-

297 403 351 460 Sed
376 405 523 476 plerosque
549 405 647 460 horam
673 401 804 460 librorum
830 405 898 459 ritus
924 403 1026 460 dudum
1052 409 1081 460 et
1109 405 1207 460 tineae

220 487 432 552 occupaverant,
453 499 536 552 quum
550 481 723 536 scholiastae
736 481 820 535 nostri
836 482 1044 537 commentarios
1057 499 1123 536 snos
1137 499 1208 536 con-

220 557 384 612 scribebant.
426 558 496 627 Quin
517 558 598 613 etiarn
613 558 764 628 principum
777 555 949 626 criticorum,
970 559 1110 625 Zenodoti,
1132 557 1204 610 Ari·

220 633 367 702 stephanie,
388 632 551 701 Aristarchi,
577 633 698 701 cheteus,
719 634 892 689 recensiones
914 641 941 688 et
962 635 1206 705 interpretationes

221 710 274 763 iem
295 717 352 764 turn
372 727 426 766 non
448 719 525 766 erant
545 707 574 766 in
594 710 736 764 doctorum
756 711 881 765 manibus
908 710 1038 780 integrae.
1078 710 1207 766 Tametsi

222 801 272 856 per
291 785 340 840 illa
359 786 470 844 saccula
489 793 632 856 totumque
653 786 787 853 medium,
814 787 888 856 quod
911 794 1025 855 vocant,
1052 804 1151 842 aevum
1175 787 1206 840 in

223 862 317 932 aliqua
337 861 506 916 bibliotheca
525 863 595 917 liber
608 863 700 932 potuit
712 863 885 931 incorruptus
898 863 994 930 latere,
1015 881 1097 933 quem
1116 863 1208 931 vulgo

222 939 249 991 in
263 938 414 1007 deperditis
427 939 613 1006 numerabant,
628 939 673 992 vel
686 939 712 991 in
727 938 844 992 frustula
859 937 1006 994 dissectum
1019 939 1149 1010 legebant
1156 936 1204 1006 ⁶⁸).

198 1083 202 1089 k
222 1014 356 1070 Nimirum
377 1015 428 1068 sub
449 1013 577 1086 Augusto
599 1021 626 1068 et
646 1015 769 1084 proxima
789 1021 893 1082 aetate,
921 1031 991 1086 quae
1018 1017 1073 1070 cito
1096 1015 1209 1068 litteras

225 1090 428 1146 Alexandrinas
449 1090 483 1145 ad
504 1091 663 1144 tenuitatem
686 1091 907 1160 compendiorum
927 1089 1050 1162 redigere
1065 1098 1208 1160 coeperat,

223 1167 356 1220 lectiones
384 1172 411 1220 et
440 1167 641 1221 emendationes
667 1166 774 1220 illorum
801 1167 970 1237 aliorumque
991 1169 1066 1222 vario
1088 1166 1211 1221 consilio

226 1247 370 1311 excerptae
396 1259 413 1296 a
438 1243 531 1298 multis
558 1261 607 1313 per
626 1241 728 1310 Lerica
754 1249 781 1297 et
802 1243 1017 1300 Commentarius
1044 1251 1072 1299 et
1092 1241 1210 1297 Scholia

225 1317 461 1388 dispergebantur.
500 1318 594 1390 Atque
624 1318 726 1373 utinam
746 1319 831 1372 ullum
852 1319 962 1374 existis
982 1320 1074 1388 libris,
1101 1319 1210 1372 utinam

225 1395 357 1449 duntaxat
375 1412 459 1449 unum
479 1394 621 1466 Apollonii
635 1395 755 1450 Lexicon
775 1395 909 1465 integrum
930 1395 1109 1450 haberemus!
1133 1395 1208 1450 Nam

226 1471 273 1540 qui
287 1477 384 1540 postea
397 1471 432 1524 ad
447 1470 648 1540 compilandam
661 1478 794 1526 venerunt
806 1472 902 1524 minuti
916 1470 1102 1538 Grammatici,
1123 1486 1208 1539 saepe

226 1546 319 1600 dedita
345 1563 428 1616 opera
456 1549 650 1618 neglexerunt,
682 1547 813 1618 quidquid
843 1547 1033 1602 reconditioris
1064 1547 1212 1601 doctrinae

227 1627 307 1689 esset,
328 1623 386 1676 sive
407 1641 423 1677 a
443 1624 555 1694 vulgato
577 1630 655 1678 textu
674 1624 717 1677 sui
737 1625 867 1693 temporis
887 1624 1013 1677 alienum.
1046 1623 1147 1693 Itaque
1161 1641 1208 1677 ac·

227 1697 293 1752 cidit
311 1699 431 1764 tandem,
451 1706 483 1753 ut
502 1717 535 1754 ne
556 1699 589 1754 de
609 1700 744 1771 primariis
764 1700 873 1768 quidem
888 1699 996 1754 Criticis
1015 1699 1079 1768 illis,
1101 1717 1118 1753 a
1138 1715 1208 1769 quo·

226 1791 286 1828 rum
312 1777 476 1831 auctoritate
499 1777 615 1847 primurn
642 1775 687 1829 hic
710 1782 801 1830 textus
827 1782 919 1831 noster
939 1777 1074 1844 manavit,
1100 1781 1210 1828 tantum

226 1851 306 1905 nobis
333 1853 464 1920 supersit,
493 1859 623 1922 qnantum
649 1852 684 1906 ad
711 1853 901 1921 cognoscenda
926 1868 1021 1906 eorum
1045 1851 1155 1922 ingenia
1181 1855 1212 1904 et

229 1927 391 1982 emendandi
411 1935 497 1982 artem
512 1929 642 1985 sufficiat.
675 1928 739 1982 Hoc
752 1936 842 1983 autem
858 1937 900 1983 est
914 1929 989 1996 illud,
1009 1928 1038 1982 in
1058 1945 1114 1997 quo
1135 1944 1211 1980 nunc

228 2003 344 2059 maxime
364 2003 506 2060 elaborare
527 2005 649 2074 cupiam,
670 2005 768 2058 ceteris
789 2005 977 2073 opportuniori
1000 2004 1062 2058 loce
1083 2020 1209 2058 reserva·

148 2129 153 2136 .
228 2079 279 2148 tis,
305 2096 378 2149 quae
401 2079 437 2133 ad
463 2088 619 2136 accuratam
644 2081 769 2134 notitiam
794 2081 1003 2136 Homericorum
1028 2080 1214 2149 interpretum

228 2156 392 2226 pertineant.
418 2170 421 2176 ’

231 2311 436 2324 mna—n-

232 2407 273 2456 ep.
302 2387 447 2456 Koppiersii
472 2387 546 2438 Obss.
577 2387 666 2453 pbilol.
697 2405 721 2453 p.
747 2387 789 2441 36.
830 2387 944 2436 Fuerunt
972 2388 998 2434 in
1026 2383 1077 2435 illis
1105 2384 1216 2450 glossis,

231 2455 361 2526 μέροπες,
382 2453 541 2524 obtexitur,
559 2451 632 2520 μῆλα
651 2455 768 2520 aliaque,
789 2453 863 2505 etiam
883 2449 1032 2516 δαιτυμών,
1050 2452 1075 2502 in
1102 2469 1153 2518 quo
1170 2453 1216 2502 la-

231 2528 382 2577 borabamus
400 2525 446 2591 Cp.
465 2522 548 2574 XXX.
572 2522 624 2584 Qui
647 2524 777 2573 Philotam
801 2522 884 2574 secuti
908 2533 967 2572 sunt
985 2522 1011 2570 in
1034 2520 1082 2570 boc
1105 2536 1214 2585 genere,

231 2595 328 2645 indocti
346 2593 462 2660 plerique
485 2601 510 2641 et
532 2591 624 2656 inepti,
643 2600 762 2641 notantur
786 2594 887 2657 saepius
912 2590 938 2639 iu
956 2587 1075 2638 Suboliis.
1114 2587 1216 2638 Verum

233 2663 265 2712 ad
282 2662 335 2712 hos'
348 2659 470 2710 redeundi
489 2661 555 2708 inira
573 2661 623 2709 erit
641 2660 718 2710 locas.
764 2691 766 2696 -

302 2743 335 2813 ⁰⁸)
353 2739 481 2796 Videlicet
497 2745 525 2794 in
543 2745 699 2809 antiquitate
716 2743 826 2794 versanti
849 2741 1013 2807 cogitandum
1038 2755 1141 2805 semper
1163 2748 1215 2800 est,

233 2816 302 2868 illam
326 2815 439 2865 caruisse
461 2813 493 2862 iis
516 2811 635 2862 subsidiis
659 2809 765 2861 notitiae
789 2811 938 2872 litterariae,
962 2825 1028 2874 quae
1050 2809 1124 2860 nobis
1147 2806 1216 2858 baec

233 2885 356 2938 bonarum
375 2880 466 2932 artium
484 2881 586 2947 publica
604 2879 647 2928 lux
658 2889 684 2929 et
696 2885 836 2929 mercatura
848 2884 928 2944 parat.
951 2870 1217 2942 Eustatbiodlapsr·

233 2947 320 3015 βολὰς
341 2966 401 2999 suas
424 2949 559 3014 scripturo,
581 2947 660 2998 rideri
683 2955 821 3014 potuerunt
842 2948 942 3013 optima
964 2961 1081 3011 quaeque
1098 2952 1125 2994 et
1143 2943 1212 2993 ariti-

206 3037 215 3043 ·
235 3019 356 3086 quirum·
374 3017 477 3068 Scholia
496 3019 522 3066 in
541 3023 659 3081 promptu
677 3031 741 3078 ease,
761 3013 821 3064 dum
839 3013 980 3078 antiquiora
997 3021 1022 3062 et
1034 3012 1141 3063 meliora
1154 3010 1213 3063 cod.

234 3088 326 3139 Veneti
345 3085 458 3138 latebant
474 3086 560 3136 forsan
580 3085 607 3134 iu
627 3083 718 3134 ricinia
735 3084 798 3134 eius.
816 3115 818 3120 -
833 3081 958 3146 Indagare
976 3080 1052 3146 igitur
1069 3082 1143 3138 licet,
1162 3095 1215 3143 quo

236 3156 338 3209 saeculo
357 3154 421 3204 liber
441 3152 534 3218 aliquis
553 3162 665 3202 aeterum
685 3151 787 3216 desierit
805 3149 830 3200 in
850 3149 967 3199 manibus
984 3147 1057 3212 vulgi
1075 3163 1139 3207 esse,
1153 3163 1217 3206 non,

236 3241 286 3290 quo
305 3239 361 3274 esse
379 3220 482 3272 desierit
488 3227 541 3280 ;.et
557 3229 586 3270 ut
604 3222 712 3285 quisque
730 3218 836 3285 scnptor
854 3215 978 3268 vetustior
996 3227 1044 3275 est,
1061 3231 1092 3266 eo
1110 3213 1214 3264 facilins

236 3295 260 3342 ei
278 3290 312 3350 id,
332 3284 399 3356 quod
418 3290 449 3356 de
467 3281 602 3352 Eustathio
621 3288 749 3352 dicebam,
767 3284 890 3336 accidisse
907 3283 1048 3350 putandam
1061 3290 1107 3334 eat
1137 3279 1216 3334 Leria

236 3359 262 3410 in
281 3362 391 3424 speciem
407 3373 450 3408 res
468 3365 515 3416 est,
531 3355 578 3406 sed
596 3355 668 3417 cuius
686 3355 747 3418 clim
766 3369 861 3419 magna
877 3353 915 3404 aia
933 3351 981 3403 luit
997 3351 1031 3402 ad
1041 3350 1123 3418 ipsam
1136 3349 1217 3400 ratio·

237 3442 296 3480 rtem
313 3423 503 3479 mactandarum
520 3419 669 3490 litterarum.
766 3461 769 3466 .
