2702 4124
506 343 697 397 ...35-

110 503 218 558 frnstra
242 506 286 556 tot
310 506 437 556 auctores
468 499 538 555 artis
568 499 703 554 dilaudari
735 502 914 572 suspicentur.
965 501 1009 559 Ac
1035 503 1088 561 fuit

110 579 239 649 quidem,
264 596 347 648 quum
372 593 423 648 ego
444 593 554 648 quoque
574 575 645 630 banc
664 578 798 633 rationem
818 596 959 649 sequerer,
988 587 1017 636 et
1038 581 1089 637 Or·

111 656 179 728 pbei
204 654 373 725 temporibus
404 653 499 708 saltem
524 652 618 707 titulos
645 659 673 707 et
704 655 899 725 epigrammata
930 657 1089 714 abiudicare

112 749 170 786 non
196 731 333 786 auderem.
381 729 571 785 Sollicitebant
594 747 638 785 ms
664 737 774 800 praeter
800 732 870 786 alias
890 750 985 788 causas
1006 751 1088 804 quae·

111 808 178 862 dam
210 808 360 862 litterarum
392 812 581 874 monumenta,
613 823 684 877 quae
716 807 871 878 antiquiora
895 809 1017 865 Homero
1044 811 1089 865 vel

111 886 181 938 olim
201 884 355 939 constitisse
382 883 520 950 dicuntur,
550 882 593 936 vel
617 883 699 938 bodie
718 883 755 938 ab
776 884 889 939 eruditis
909 887 1008 955 cupide
1027 903 1088 957 per-

113 959 291 1030 lribentur21).
337 961 441 1014 Verum
467 960 501 1013 ab
527 975 560 1014 ea
584 959 630 1014 via
654 960 735 1029 plane
760 977 803 1016 me
830 967 986 1016 averterunt
1010 963 1090 1032 plura

114 1037 232 1106 vestigia
253 1037 391 1104 historica,
413 1051 558 1105 earumque
579 1052 677 1104 rerum,
699 1037 799 1106 quibus
819 1037 896 1092 istius
911 1038 1009 1092 aetatis
1031 1040 1087 1093 cul·

111 1119 160 1167 tus
181 1114 385 1180 continebatur,
414 1117 442 1167 et
461 1113 580 1182 ipsorum
602 1113 712 1166 illorum
724 1121 961 1168 monumentorum
981 1115 1089 1169 curiosa

113 1196 144 1243 et
165 1189 272 1243 subtilis
298 1189 469 1244 existimatio.
515 1189 615 1258 Itaque
639 1205 736 1245 maneo
763 1191 789 1244 in
815 1207 847 1244 ea
872 1191 1020 1259 sententia,
1048 1197 1088 1260 ut,

115 1265 223 1320 etiamsi
242 1265 296 1320 ista
316 1266 406 1320 omnia
424 1271 547 1335 ternpore
566 1266 732 1336 praecedant
745 1266 903 1336 Homerum,
919 1267 1003 1336 (malo
1017 1267 1087 1322 euim

115 1342 185 1394 illud
211 1360 282 1395 nunc
307 1343 334 1396 in
360 1343 449 1396 medio
475 1342 642 1412 relinquere,
667 1360 750 1413 quam
775 1343 919 1398 deflectere
947 1345 981 1398 de
1007 1361 1088 1398 cursu

114 1419 201 1488 meo,)
221 1424 311 1473 tamen
331 1419 394 1472 iude
414 1419 481 1472 nihil
495 1426 619 1473 constare
641 1419 674 1473 de
695 1421 808 1490 vulgato
828 1436 879 1474 usu
900 1421 965 1474 artis
985 1426 1088 1491 putem.

113 1495 187 1549 Nam
212 1502 340 1565 superato
368 1512 484 1566 operoso
510 1496 618 1562 labore,
646 1501 677 1550 ut
702 1497 861 1567 peregrinae
886 1503 967 1551 notae
993 1497 1088 1566 patriis

114 1573 190 1625 sonis
211 1579 384 1641 aptarentur,
410 1589 552 1642 novaeque
578 1571 760 1628 subderentur
779 1573 919 1627 vocalibus
944 1579 972 1627 et
991 1573 1024 1627 iis
1044 1573 1088 1627 lit-

115 1647 193 1713 teris,
219 1648 318 1718 quibus
338 1648 505 1703 Phoenicum
531 1665 573 1702 res
598 1649 633 1704 ad
658 1649 846 1721 inscriptiones
872 1649 993 1720 lapidum
1017 1649 1088 1704 sirni-

115 1725 186 1778 lisve
200 1724 329 1780 materiae
342 1725 448 1779 traduci
461 1726 565 1794 potuit:
585 1732 770 1781 verumtamen
790 1734 821 1780 ut
834 1727 884 1780 illa
896 1727 1089 1781 meditamenta

116 1802 171 1856 iarn
181 1800 275 1855 Iliacis
286 1802 455 1872 temporibus
465 1802 531 1856 satis
540 1801 662 1871 perfecta
671 1802 779 1871 fuerint,
789 1803 899 1872 longum
910 1803 973 1857 hinc
984 1809 1011 1857 et
1020 1803 1089 1857 mul·

115 1878 153 1931 tis
173 1878 261 1930 modis
281 1879 441 1948 impeditum
461 1879 514 1932 iter
533 1879 662 1944 restabat,
684 1879 770 1934 donec
783 1884 869 1932 artem
889 1879 1028 1932 habilibus
1048 1879 1088 1932 in-

116 1955 274 2008 strumentis
302 1962 393 2025 eptam
421 1954 520 2008 cultior
546 1955 674 2008 doctrinis
700 1955 820 2024 populus
840 1955 874 2008 ad
896 1955 1020 2009 brevium
1040 1972 1087 2025 pa-

115 2031 251 2101 ginarum,
271 2039 328 2086 turn
349 2032 383 2086 ad
405 2034 503 2086 iustam
522 2032 653 2086 librorum
674 2032 847 2101 scriptionem
867 2031 1016 2087 adhiberet.

195 2107 296 2162 Tribus
321 2109 413 2163 verbis
437 2109 570 2176 indicavi,
596 2117 679 2179 quae,
711 2117 741 2162 ut
768 2114 826 2163 tum
851 2121 976 2179 tempora
1003 2115 1089 2178 erant,

114 2185 233 2238 forsitan
254 2203 301 2239 sex
321 2186 438 2240 saeculis
458 2203 511 2239 non
532 2186 671 2255 potuerint
691 2186 725 2239 ad
746 2185 871 2241 effectum
891 2187 992 2241 venire.
1033 2186 1088 2240 Diu

116 2261 188 2314 enim
212 2261 322 2316 illorum
350 2262 489 2316 hominum
513 2263 571 2318 vita
600 2268 627 2317 et
656 2263 815 2332 simplicitas
844 2263 912 2316 nibil
942 2263 1087 2316 admodum

115 2338 221 2406 habuit,
248 2339 320 2408 quod
347 2341 480 2409 scriptura
505 2340 615 2410 dignum
641 2339 792 2393 videretur:
822 2340 849 2392 in
877 2340 938 2393 aliie
965 2339 1089 2394 omnibus

119 2414 247 2484 occupati
267 2422 352 2484 agunt
371 2416 419 2481 illi,
441 2433 511 2484 quae
525 2415 627 2485 posteri
648 2417 778 2483 scribunt,
798 2416 852 2483 vel,
873 2423 904 2469 ut
924 2416 958 2470 de
979 2415 1089 2484 quibus·

119 2491 182 2544 darn
203 2492 312 2560 populis
326 2493 489 2561 accepimus,
504 2494 584 2546 etiam
605 2499 781 2546 monstratam
794 2509 905 2563 operam
924 2493 995 2548 banc
1015 2507 1090 2561 sper-

116 2574 185 2621 nunt
206 2576 336 2636 tanquam
360 2568 481 2623 indecori
507 2570 569 2622 otii:
597 2568 723 2623 Carmina
742 2575 847 2636 autern,
869 2586 939 2638 quae
959 2573 1089 2638 pangunt,

116 2645 201 2714 longo
227 2661 278 2699 usu
303 2645 341 2698 sic
368 2661 415 2698 ore
440 2653 468 2698 et
492 2645 605 2699 fundere
632 2651 659 2700 et
679 2646 803 2714 excipere
824 2651 1031 2711 consueverunt,
1058 2650 1092 2698 ut

120 2727 204 2774 cantu
224 2725 252 2774 et
271 2721 430 2775 recitatione
451 2722 628 2775 cummaxime
648 2722 767 2793 vigentia
793 2721 926 2775 deducere
946 2721 982 2776 ad
1002 2728 1091 2775 mutas

117 2801 209 2866 notas,
231 2813 264 2850 ex
284 2797 354 2849 illius
370 2799 467 2852 aetatis
487 2815 568 2851 sensu
587 2797 653 2852 nibil
672 2798 745 2852 aliud
760 2805 839 2863 esset,
862 2815 942 2867 quarn
957 2797 1090 2867 perimere

118 2891 152 2927 ea
172 2877 201 2926 et
221 2873 298 2927 vitali
320 2874 347 2926 vi
367 2891 401 2929 ac
420 2875 516 2943 spiritu
542 2875 658 2944 privare.
705 2875 767 2944 Qua
791 2873 824 2928 de
849 2891 878 2928 re
904 2874 973 2928 infra
994 2874 1090 2942 dicam,

118 2967 205 3020 quum
225 2950 259 3004 de
279 2967 388 3005 munere
408 2951 605 3022 rhapsodorum
626 2952 778 3022 explicabo.
825 2952 905 3006 Nunc
923 2951 959 3005 ad
980 2950 1091 3022 impedi·

116 3030 211 3080 menta
230 3026 435 3096 praevertimus,
457 3045 527 3098 quae
548 3033 623 3082 actas
643 3029 677 3082 ad
699 3028 807 3098 opificia
826 3029 913 3082 minus
933 3045 1018 3097 sagax
1037 3043 1090 3080 non

116 3104 210 3172 potuit
235 3120 288 3156 non
316 3103 448 3172 obiicere,
480 3122 513 3159 ne
540 3105 593 3158 cito
620 3105 682 3158 talis
708 3121 767 3173 res,
791 3111 846 3160 lam
873 3121 922 3174 per
947 3121 975 3157 se
996 3119 1090 3172 parum
1178 3141 1181 3151 .

117 3185 184 3249 apta
214 3178 354 3250 sensibus,
380 3181 417 3236 ab
443 3181 609 3236 obscuritate
636 3181 848 3235 rudimentorum
879 3181 912 3234 ad
938 3184 1093 3250 promptam

189 3356 282 3422 21)Ι)ιι
300 3356 340 3407 bis
358 3357 419 3407 satis
436 3357 514 3408 fuerit
532 3357 660 3409 nominare
677 3375 755 3408 unam
774 3357 961 3408 celeberrimam
981 3354 1091 3420 inscrip-

118 3423 213 3475 tionem
233 3441 263 3475 ex
274 3425 418 3491 Amyclaeis
435 3443 451 3475 a
464 3425 625 3477 Fourmontio
644 3427 762 3492 repertis:
782 3425 813 3476 de
831 3425 882 3475 illis
901 3424 993 3474 Thesei
1011 3423 1092 3472 stolen

117 3491 251 3558 lapideam·
266 3511 307 3559 ap.
323 3494 454 3544 Demosth.
474 3509 497 3544 c.
515 3493 604 3544 Ncser.
621 3511 646 3560 p.
665 3495 723 3548 873.
742 3497 784 3555 1),
802 3493 882 3560 ipsius
904 3491 992 3541 Cadmi
1011 3490 1092 3541 doua-

117 3561 186 3611 rium
205 3576 247 3628 ap.
264 3561 341 3612 Diod.
359 3563 392 3624 V,
410 3564 461 3624 58,
479 3578 583 3613 aeneam
602 3563 714 3614 tabulam
732 3579 774 3629 ap.
792 3560 857 3611 Plin.
869 3559 926 3621 Vll,
938 3559 979 3615 58.
989 3567 1035 3611 etc.
1045 3566 1094 3610 etc.
