<?xml version="1.0" encoding="UTF-8"?>
<!DOCTYPE html PUBLIC "-//W3C//DTD XHTML 1.0 Transitional//EN"
    "http://www.w3.org/TR/xhtml1/DTD/xhtml1-transitional.dtd">
<html xmlns="http://www.w3.org/1999/xhtml" xml:lang="en" lang="en">
 <head>
  <title>
</title>
<meta http-equiv="Content-Type" content="text/html;charset=utf-8" />
  <meta name='ocr-system' content='tesseract 3.04.00' />
  <meta name='ocr-capabilities' content='ocr_page ocr_carea ocr_par ocr_line ocrx_word'/>
</head>
<body>
  <div class='ocr_page' id='page_1' title='image "./prolegomenaadho03wolfgoog_0081.png"; bbox 0 0 2702 4124; ppageno 0'>
   <div class='ocr_carea' id='block_1_1' title="bbox 645 240 834 300">
    <p class='ocr_par' dir='ltr' id='par_1_1' title="bbox 645 240 834 300">
     <span class='ocr_line' id='line_1_1' title="bbox 645 240 834 300; baseline 0 -18"><span class='ocrx_word' id='word_1_1' title='bbox 645 240 834 300; x_wconf 71' lang='lat'>-72..</span> 
     </span>
    </p>
   </div>
   <div class='ocr_carea' id='block_1_2' title="bbox 255 399 1314 1109">
    <p class='ocr_par' dir='ltr' id='par_1_2' title="bbox 255 399 1314 766">
     <span class='ocr_line' id='line_1_2' title="bbox 256 399 1314 474; baseline -0.002 -16"><span class='ocrx_word' id='word_1_2' title='bbox 256 420 359 474; x_wconf 75' lang='lat' dir='ltr'><strong>necque</strong></span> <span class='ocrx_word' id='word_1_3' title='bbox 378 404 538 474; x_wconf 79' lang='lat' dir='ltr'><strong>rhapsodias</strong></span> <span class='ocrx_word' id='word_1_4' title='bbox 551 404 598 458; x_wconf 91' lang='lat' dir='ltr'><strong>uni</strong></span> <span class='ocrx_word' id='word_1_5' title='bbox 611 404 752 474; x_wconf 86' lang='lat' dir='ltr'><strong>proposito</strong></span> <span class='ocrx_word' id='word_1_6' title='bbox 767 403 902 472; x_wconf 89' lang='lat' dir='ltr'><strong>subiicias,</strong></span> <span class='ocrx_word' id='word_1_7' title='bbox 923 403 958 459; x_wconf 88' lang='lat' dir='ltr'><strong>ad</strong></span> <span class='ocrx_word' id='word_1_8' title='bbox 977 404 1094 474; x_wconf 79' lang='lat' dir='ltr'><strong>pluriam</strong></span> <span class='ocrx_word' id='word_1_9' title='bbox 1113 401 1220 473; x_wconf 85' lang='lat' dir='ltr'><strong>quidem</strong></span> <span class='ocrx_word' id='word_1_10' title='bbox 1313 399 1314 436; x_wconf 68' lang='lat' dir='ltr'><strong>l</strong></span> 
     </span>
     <span class='ocr_line' id='line_1_3' title="bbox 256 478 1314 552; baseline 0 -18"><span class='ocrx_word' id='word_1_11' title='bbox 256 480 372 534; x_wconf 86' lang='lat' dir='ltr'><strong>Achillis</strong></span> <span class='ocrx_word' id='word_1_12' title='bbox 391 481 477 552; x_wconf 87' lang='lat' dir='ltr'><strong>magis</strong></span> <span class='ocrx_word' id='word_1_13' title='bbox 497 499 578 550; x_wconf 89' lang='lat' dir='ltr'><strong>quam</strong></span> <span class='ocrx_word' id='word_1_14' title='bbox 597 481 666 536; x_wconf 86' lang='lat' dir='ltr'><strong>alius</strong></span> <span class='ocrx_word' id='word_1_15' title='bbox 687 481 845 550; x_wconf 86' lang='lat' dir='ltr'><strong>cuiusquam</strong></span> <span class='ocrx_word' id='word_1_16' title='bbox 867 479 965 536; x_wconf 78' lang='lat' dir='ltr'><strong>Graeci</strong></span> <span class='ocrx_word' id='word_1_17' title='bbox 985 486 1033 536; x_wconf 86' lang='lat' dir='ltr'><strong>aut</strong></span> <span class='ocrx_word' id='word_1_18' title='bbox 1045 480 1156 534; x_wconf 87' lang='lat' dir='ltr'><strong>Troiani</strong></span> <span class='ocrx_word' id='word_1_19' title='bbox 1173 478 1217 534; x_wconf 74' lang='lat' dir='ltr'><strong>he</strong></span> <span class='ocrx_word' id='word_1_20' title='bbox 1313 495 1314 512; x_wconf 49' lang='grc' dir='ltr'><em>ι</em></span> 
     </span>
     <span class='ocr_line' id='line_1_4' title="bbox 256 557 1314 626; baseline -0.001 -16"><span class='ocrx_word' id='word_1_21' title='bbox 256 557 311 610; x_wconf 89' lang='lat' dir='ltr'><strong>rois</strong></span> <span class='ocrx_word' id='word_1_22' title='bbox 330 562 390 612; x_wconf 84' lang='lat' dir='ltr'><strong>tota</strong></span> <span class='ocrx_word' id='word_1_23' title='bbox 402 557 476 622; x_wconf 87' lang='lat' dir='ltr'><strong>Ilias,</strong></span> <span class='ocrx_word' id='word_1_24' title='bbox 496 557 533 612; x_wconf 90' lang='lat' dir='ltr'><strong>ad</strong></span> <span class='ocrx_word' id='word_1_25' title='bbox 545 575 684 611; x_wconf 83' lang='lat' dir='ltr'><strong>memorem</strong></span> <span class='ocrx_word' id='word_1_26' title='bbox 695 558 767 610; x_wconf 80' lang='lat' dir='ltr'><strong>iram</strong></span> <span class='ocrx_word' id='word_1_27' title='bbox 781 558 839 611; x_wconf 90' lang='lat' dir='ltr'><strong>eius</strong></span> <span class='ocrx_word' id='word_1_28' title='bbox 852 558 938 612; x_wconf 88' lang='lat' dir='ltr'><strong>maior</strong></span> <span class='ocrx_word' id='word_1_29' title='bbox 950 563 1055 611; x_wconf 83' lang='lat' dir='ltr'><strong>tautum</strong></span> <span class='ocrx_word' id='word_1_30' title='bbox 1068 573 1132 626; x_wconf 79' lang='lat' dir='ltr'><strong>pure</strong></span> <span class='ocrx_word' id='word_1_31' title='bbox 1146 572 1215 626; x_wconf 89' lang='lat' dir='ltr'><strong>spec·</strong></span> <span class='ocrx_word' id='word_1_32' title='bbox 1313 595 1314 602; x_wconf 40' lang='grc' dir='ltr'><em>ι</em></span> 
     </span>
     <span class='ocr_line' id='line_1_5' title="bbox 255 633 1218 702; baseline -0.001 -15"><span class='ocrx_word' id='word_1_33' title='bbox 255 638 297 687; x_wconf 90' lang='lat' dir='ltr'><strong>tat</strong></span> <span class='ocrx_word' id='word_1_34' title='bbox 302 648 309 702; x_wconf 85' lang='lat'>;</span> <span class='ocrx_word' id='word_1_35' title='bbox 331 640 362 688; x_wconf 86' lang='lat' dir='ltr'><strong>ut</strong></span> <span class='ocrx_word' id='word_1_36' title='bbox 381 633 526 688; x_wconf 76' lang='lat' dir='ltr'><strong>admodum</strong></span> <span class='ocrx_word' id='word_1_37' title='bbox 539 634 651 702; x_wconf 90' lang='lat' dir='ltr'><strong>mireris,</strong></span> <span class='ocrx_word' id='word_1_38' title='bbox 672 633 745 702; x_wconf 93' lang='lat' dir='ltr'><strong>quod</strong></span> <span class='ocrx_word' id='word_1_39' title='bbox 759 634 787 686; x_wconf 92' lang='lat' dir='ltr'><strong>in</strong></span> <span class='ocrx_word' id='word_1_40' title='bbox 799 635 875 688; x_wconf 90' lang='lat' dir='ltr'><strong>nullo</strong></span> <span class='ocrx_word' id='word_1_41' title='bbox 890 634 983 688; x_wconf 90' lang='lat' dir='ltr'><strong>codice</strong></span> <span class='ocrx_word' id='word_1_42' title='bbox 996 633 1091 688; x_wconf 86' lang='lat' dir='ltr'><strong>adhuc</strong></span> <span class='ocrx_word' id='word_1_43' title='bbox 1104 650 1154 702; x_wconf 91' lang='lat' dir='ltr'><strong>pro</strong></span> <span class='ocrx_word' id='word_1_44' title='bbox 1168 633 1218 686; x_wconf 89' lang='lat' dir='ltr'><strong>isto</strong></span> 
     </span>
     <span class='ocr_line' id='line_1_6' title="bbox 257 709 939 766; baseline 0.001 -3"><span class='ocrx_word' id='word_1_45' title='bbox 257 709 367 764; x_wconf 85' lang='lat' dir='ltr'><strong>exordio</strong></span> <span class='ocrx_word' id='word_1_46' title='bbox 388 710 441 764; x_wconf 91' lang='lat' dir='ltr'><strong>hoc</strong></span> <span class='ocrx_word' id='word_1_47' title='bbox 460 711 505 765; x_wconf 87' lang='lat' dir='ltr'><strong>vel</strong></span> <span class='ocrx_word' id='word_1_48' title='bbox 524 710 599 766; x_wconf 86' lang='lat' dir='ltr'><strong>aliud</strong></span> <span class='ocrx_word' id='word_1_49' title='bbox 618 710 713 764; x_wconf 89' lang='lat' dir='ltr'><strong>melius</strong></span> <span class='ocrx_word' id='word_1_50' title='bbox 732 711 870 763; x_wconf 86' lang='lat' dir='ltr'><strong>inventum</strong></span> <span class='ocrx_word' id='word_1_51' title='bbox 890 712 939 764; x_wconf 88' lang='lat' dir='ltr'><strong>sit:</strong></span> 
     </span>
    </p>

    <p class='ocr_par' dir='ltr' id='par_1_3' title="bbox 288 777 898 852">
     <span class='ocr_line' id='line_1_7' title="bbox 288 777 898 852; baseline -0.002 -18"><span class='ocrx_word' id='word_1_52' title='bbox 288 777 317 834; x_wconf 88' lang='lat' dir='ltr'><em>K</em></span> <span class='ocrx_word' id='word_1_53' title='bbox 319 779 405 834; x_wconf 86' lang='grc' dir='ltr'><em>ΥΔθΣ</em></span> <span class='ocrx_word' id='word_1_54' title='bbox 419 779 502 848; x_wconf 77' lang='grc' dir='ltr'><em>ἄειδε,</em></span> <span class='ocrx_word' id='word_1_55' title='bbox 518 782 581 848; x_wconf 71' lang='grc' dir='ltr'><em>θεά,</em></span> <span class='ocrx_word' id='word_1_56' title='bbox 601 779 760 852; x_wconf 71' lang='grc' dir='ltr'><em>Πηληιάδεω</em></span> <span class='ocrx_word' id='word_1_57' title='bbox 774 781 898 852; x_wconf 78' lang='grc' dir='ltr'><em>Ἀχιλῆος,</em></span> 
     </span>
    </p>

    <p class='ocr_par' dir='ltr' id='par_1_4' title="bbox 290 867 930 938">
     <span class='ocr_line' id='line_1_8' title="bbox 290 867 930 938; baseline -0.002 -18"><span class='ocrx_word' id='word_1_58' title='bbox 290 867 348 927; x_wconf 72' lang='grc' dir='ltr'><em>ὅτιλ’</em></span> <span class='ocrx_word' id='word_1_59' title='bbox 368 867 432 930; x_wconf 77' lang='grc' dir='ltr'><strong>εἵως</strong></span> <span class='ocrx_word' id='word_1_60' title='bbox 447 869 563 938; x_wconf 78' lang='grc' dir='ltr'><em>βασιλῆϊ</em></span> <span class='ocrx_word' id='word_1_61' title='bbox 576 869 779 932; x_wconf 80' lang='grc' dir='ltr'><em>κοτεσσάμενος</em></span> <span class='ocrx_word' id='word_1_62' title='bbox 795 868 835 920; x_wconf 83' lang='grc' dir='ltr'><strong>ἐνὶ</strong></span> <span class='ocrx_word' id='word_1_63' title='bbox 853 867 930 938; x_wconf 80' lang='grc' dir='ltr'><em>νηοσλ</em></span> 
     </span>
    </p>

    <p class='ocr_par' dir='ltr' id='par_1_5' title="bbox 288 951 947 1025">
     <span class='ocr_line' id='line_1_9' title="bbox 288 951 947 1025; baseline -0.002 -20"><span class='ocrx_word' id='word_1_64' title='bbox 288 956 372 1021; x_wconf 79' lang='grc' dir='ltr'><em>κεῖτο,</em></span> <span class='ocrx_word' id='word_1_65' title='bbox 387 953 525 1025; x_wconf 80' lang='grc' dir='ltr'><em>Ἀχαιοῑσίν</em></span> <span class='ocrx_word' id='word_1_66' title='bbox 544 971 576 1004; x_wconf 83' lang='grc' dir='ltr'><strong>τε</strong></span> <span class='ocrx_word' id='word_1_67' title='bbox 594 953 636 1006; x_wconf 81' lang='grc' dir='ltr'><strong>καὶ</strong></span> <span class='ocrx_word' id='word_1_68' title='bbox 653 955 726 1024; x_wconf 81' lang='grc' dir='ltr'><em>αὐτῷ</em></span> <span class='ocrx_word' id='word_1_69' title='bbox 743 951 817 1022; x_wconf 71' lang='grc' dir='ltr'><em>ἄλγε’</em></span> <span class='ocrx_word' id='word_1_70' title='bbox 837 951 947 1018; x_wconf 77' lang='grc' dir='ltr'><em>ἔδωκεν,</em></span> 
     </span>
    </p>

    <p class='ocr_par' dir='ltr' id='par_1_6' title="bbox 290 1035 953 1109">
     <span class='ocr_line' id='line_1_10' title="bbox 290 1035 953 1109; baseline -0.002 -18"><span class='ocrx_word' id='word_1_71' title='bbox 290 1041 379 1109; x_wconf 78' lang='grc' dir='ltr'><em>αὐτὰρ</em></span> <span class='ocrx_word' id='word_1_72' title='bbox 397 1041 579 1102; x_wconf 80' lang='grc' dir='ltr'><em>ἀνιστάμενος</em></span> <span class='ocrx_word' id='word_1_73' title='bbox 599 1035 702 1108; x_wconf 85' lang='grc' dir='ltr'><em>Τρωσὶν</em></span> <span class='ocrx_word' id='word_1_74' title='bbox 721 1038 763 1090; x_wconf 80' lang='grc' dir='ltr'><strong>καὶ</strong></span> <span class='ocrx_word' id='word_1_75' title='bbox 773 1036 879 1107; x_wconf 80' lang='grc' dir='ltr'><em>Ἕκτορι</em></span> <span class='ocrx_word' id='word_1_76' title='bbox 897 1039 953 1109; x_wconf 81' lang='grc' dir='ltr'><em>δίῳ.</em></span> 
     </span>
    </p>
   </div>
   <div class='ocr_carea' id='block_1_3' title="bbox 255 1127 1230 2958">
    <p class='ocr_par' dir='ltr' id='par_1_7' title="bbox 255 1127 1230 1660">
     <span class='ocr_line' id='line_1_11' title="bbox 258 1127 1220 1203; baseline -0.004 -19"><span class='ocrx_word' id='word_1_77' title='bbox 258 1127 301 1202; x_wconf 82' lang='lat' dir='ltr'><strong>[cf.</strong></span> <span class='ocrx_word' id='word_1_78' title='bbox 314 1129 405 1184; x_wconf 85' lang='lat' dir='ltr'><strong>Briefe</strong></span> <span class='ocrx_word' id='word_1_79' title='bbox 418 1147 454 1184; x_wconf 87' lang='lat' dir='ltr'><strong>au</strong></span> <span class='ocrx_word' id='word_1_80' title='bbox 464 1129 561 1200; x_wconf 82' lang='lat' dir='ltr'><strong>Heyne</strong></span> <span class='ocrx_word' id='word_1_81' title='bbox 574 1146 601 1198; x_wconf 88' lang='lat' dir='ltr'><strong>p.</strong></span> <span class='ocrx_word' id='word_1_82' title='bbox 618 1127 691 1203; x_wconf 82' lang='lat'>121.]</span> <span class='ocrx_word' id='word_1_83' title='bbox 713 1129 918 1185; x_wconf 76' lang='lat' dir='ltr'><strong>subabsurdum</strong></span> <span class='ocrx_word' id='word_1_84' title='bbox 929 1130 1009 1196; x_wconf 83' lang='lat' dir='ltr'><strong>foret,</strong></span> <span class='ocrx_word' id='word_1_85' title='bbox 1019 1128 1103 1183; x_wconf 84' lang='lat' dir='ltr'><strong>talem</strong></span> <span class='ocrx_word' id='word_1_86' title='bbox 1114 1127 1220 1198; x_wconf 84' lang='lat' dir='ltr'><strong>diligen-</strong></span> 
     </span>
     <span class='ocr_line' id='line_1_12' title="bbox 255 1205 1223 1276; baseline -0.004 -16"><span class='ocrx_word' id='word_1_87' title='bbox 255 1209 322 1260; x_wconf 88' lang='lat' dir='ltr'><strong>tiam</strong></span> <span class='ocrx_word' id='word_1_88' title='bbox 342 1206 510 1259; x_wconf 82' lang='lat' dir='ltr'><strong>subtiliorem</strong></span> <span class='ocrx_word' id='word_1_89' title='bbox 530 1222 590 1261; x_wconf 91' lang='lat' dir='ltr'><strong>esse</strong></span> <span class='ocrx_word' id='word_1_90' title='bbox 604 1207 693 1262; x_wconf 91' lang='lat' dir='ltr'><strong>dicere</strong></span> <span class='ocrx_word' id='word_1_91' title='bbox 708 1225 788 1276; x_wconf 84' lang='lat' dir='ltr'><strong>quam</strong></span> <span class='ocrx_word' id='word_1_92' title='bbox 803 1224 857 1276; x_wconf 91' lang='lat' dir='ltr'><strong>quo</strong></span> <span class='ocrx_word' id='word_1_93' title='bbox 870 1206 1017 1260; x_wconf 87' lang='lat' dir='ltr'><strong>Homerico</strong></span> <span class='ocrx_word' id='word_1_94' title='bbox 1031 1205 1155 1259; x_wconf 90' lang='lat' dir='ltr'><strong>saeculo:</strong></span> <span class='ocrx_word' id='word_1_95' title='bbox 1174 1219 1223 1256; x_wconf 88' lang='lat' dir='ltr'><strong>nec</strong></span> 
     </span>
     <span class='ocr_line' id='line_1_13' title="bbox 255 1279 1222 1353; baseline -0.005 -16"><span class='ocrx_word' id='word_1_96' title='bbox 255 1283 284 1337; x_wconf 91' lang='lat' dir='ltr'><strong>id</strong></span> <span class='ocrx_word' id='word_1_97' title='bbox 304 1281 393 1335; x_wconf 84' lang='lat' dir='ltr'><strong>dicere</strong></span> <span class='ocrx_word' id='word_1_98' title='bbox 414 1282 503 1336; x_wconf 80' lang='lat' dir='ltr'><strong>ausint</strong></span> <span class='ocrx_word' id='word_1_99' title='bbox 524 1283 551 1350; x_wconf 94' lang='lat' dir='ltr'><strong>ii,</strong></span> <span class='ocrx_word' id='word_1_100' title='bbox 572 1284 671 1352; x_wconf 89' lang='lat' dir='ltr'><strong>quibus</strong></span> <span class='ocrx_word' id='word_1_101' title='bbox 691 1279 859 1349; x_wconf 66' lang='lat' dir='ltr'><strong>upoe&#39;tdwts</strong></span> <span class='ocrx_word' id='word_1_102' title='bbox 877 1281 1018 1353; x_wconf 79' lang='lat' dir='ltr'><strong>Odysseae</strong></span> <span class='ocrx_word' id='word_1_103' title='bbox 1037 1282 1073 1336; x_wconf 86' lang='lat' dir='ltr'><strong>ab</strong></span> <span class='ocrx_word' id='word_1_104' title='bbox 1093 1282 1154 1350; x_wconf 89' lang='lat' dir='ltr'><strong>ipso</strong></span> <span class='ocrx_word' id='word_1_105' title='bbox 1168 1280 1222 1333; x_wconf 89' lang='lat' dir='ltr'><strong>Ho-</strong></span> 
     </span>
     <span class='ocr_line' id='line_1_14' title="bbox 255 1357 1230 1427; baseline -0.002 -15"><span class='ocrx_word' id='word_1_106' title='bbox 255 1375 330 1413; x_wconf 83' lang='lat' dir='ltr'><strong>mero</strong></span> <span class='ocrx_word' id='word_1_107' title='bbox 343 1359 500 1427; x_wconf 86' lang='lat' dir='ltr'><strong>praeposita</strong></span> <span class='ocrx_word' id='word_1_108' title='bbox 512 1359 650 1416; x_wconf 83' lang='lat' dir='ltr'><strong>videatur:</strong></span> <span class='ocrx_word' id='word_1_109' title='bbox 669 1361 790 1415; x_wconf 82' lang='lat' dir='ltr'><strong>facerent</strong></span> <span class='ocrx_word' id='word_1_110' title='bbox 810 1361 879 1414; x_wconf 90' lang='lat' dir='ltr'><strong>enim</strong></span> <span class='ocrx_word' id='word_1_111' title='bbox 900 1359 977 1413; x_wconf 92' lang='lat' dir='ltr'><strong>illum</strong></span> <span class='ocrx_word' id='word_1_112' title='bbox 996 1358 1065 1412; x_wconf 86' lang='lat' dir='ltr'><strong>adeo</strong></span> <span class='ocrx_word' id='word_1_113' title='bbox 1086 1357 1230 1423; x_wconf 63' lang='lat' dir='ltr'><strong>infantem,</strong></span> 
     </span>
     <span class='ocr_line' id='line_1_15' title="bbox 256 1433 1226 1507; baseline -0.002 -19"><span class='ocrx_word' id='word_1_114' title='bbox 256 1441 287 1489; x_wconf 85' lang='lat' dir='ltr'><strong>ut</strong></span> <span class='ocrx_word' id='word_1_115' title='bbox 301 1452 383 1504; x_wconf 88' lang='lat' dir='ltr'><strong>quam</strong></span> <span class='ocrx_word' id='word_1_116' title='bbox 397 1442 483 1488; x_wconf 85' lang='lat' dir='ltr'><strong>artem</strong></span> <span class='ocrx_word' id='word_1_117' title='bbox 496 1435 597 1503; x_wconf 88' lang='lat' dir='ltr'><strong>primus</strong></span> <span class='ocrx_word' id='word_1_118' title='bbox 612 1437 825 1506; x_wconf 84' lang='lat' dir='ltr'><strong>ingeniosissime</strong></span> <span class='ocrx_word' id='word_1_119' title='bbox 840 1436 1028 1507; x_wconf 82' lang='lat' dir='ltr'><strong>quaesivisset,</strong></span> <span class='ocrx_word' id='word_1_120' title='bbox 1049 1434 1093 1488; x_wconf 85' lang='lat' dir='ltr'><strong>vel</strong></span> <span class='ocrx_word' id='word_1_121' title='bbox 1106 1433 1226 1503; x_wconf 82' lang='lat' dir='ltr'><strong>prudens</strong></span> 
     </span>
     <span class='ocr_line' id='line_1_16' title="bbox 256 1510 1223 1583; baseline -0.002 -19"><span class='ocrx_word' id='word_1_122' title='bbox 256 1517 330 1565; x_wconf 84' lang='lat' dir='ltr'><strong>certe</strong></span> <span class='ocrx_word' id='word_1_123' title='bbox 351 1527 384 1564; x_wconf 86' lang='lat' dir='ltr'><strong>ex</strong></span> <span class='ocrx_word' id='word_1_124' title='bbox 403 1517 500 1566; x_wconf 85' lang='lat' dir='ltr'><strong>natura</strong></span> <span class='ocrx_word' id='word_1_125' title='bbox 520 1518 547 1564; x_wconf 88' lang='lat' dir='ltr'><strong>et</strong></span> <span class='ocrx_word' id='word_1_126' title='bbox 568 1512 661 1566; x_wconf 90' lang='lat' dir='ltr'><strong>ordine</strong></span> <span class='ocrx_word' id='word_1_127' title='bbox 681 1513 791 1576; x_wconf 79' lang='lat' dir='ltr'><strong>fabulae</strong></span> <span class='ocrx_word' id='word_1_128' title='bbox 811 1510 987 1583; x_wconf 53' lang='lat' dir='ltr'><strong>cepissem),</strong></span> <span class='ocrx_word' id='word_1_129' title='bbox 1010 1526 1069 1565; x_wconf 88' lang='lat' dir='ltr'><strong>eam</strong></span> <span class='ocrx_word' id='word_1_130' title='bbox 1088 1527 1123 1566; x_wconf 92' lang='lat' dir='ltr'><strong>ne</strong></span> <span class='ocrx_word' id='word_1_131' title='bbox 1143 1527 1223 1580; x_wconf 85' lang='lat' dir='ltr'><strong>agno·</strong></span> 
     </span>
     <span class='ocr_line' id='line_1_17' title="bbox 256 1585 932 1660; baseline 0.001 -18"><span class='ocrx_word' id='word_1_132' title='bbox 256 1603 331 1642; x_wconf 90' lang='lat' dir='ltr'><strong>scere</strong></span> <span class='ocrx_word' id='word_1_133' title='bbox 352 1585 462 1660; x_wconf 84' lang='lat' dir='ltr'><strong>quidem</strong></span> <span class='ocrx_word' id='word_1_134' title='bbox 481 1593 509 1640; x_wconf 83' lang='lat' dir='ltr'><strong>et</strong></span> <span class='ocrx_word' id='word_1_135' title='bbox 528 1588 618 1642; x_wconf 90' lang='lat' dir='ltr'><strong>verbis</strong></span> <span class='ocrx_word' id='word_1_136' title='bbox 639 1589 786 1658; x_wconf 78' lang='lat' dir='ltr'><strong>exprimere</strong></span> <span class='ocrx_word' id='word_1_137' title='bbox 805 1590 932 1658; x_wconf 85' lang='lat' dir='ltr'><strong>potuerit.</strong></span> 
     </span>
    </p>

    <p class='ocr_par' dir='ltr' id='par_1_8' title="bbox 255 1661 1230 2958">
     <span class='ocr_line' id='line_1_18' title="bbox 333 1661 1226 1735; baseline 0 -19"><span class='ocrx_word' id='word_1_138' title='bbox 333 1662 420 1717; x_wconf 89' lang='lat' dir='ltr'><strong>Immo</strong></span> <span class='ocrx_word' id='word_1_139' title='bbox 441 1680 506 1717; x_wconf 90' lang='lat' dir='ltr'><strong>vero</strong></span> <span class='ocrx_word' id='word_1_140' title='bbox 526 1663 593 1718; x_wconf 85' lang='lat' dir='ltr'><strong>illud</strong></span> <span class='ocrx_word' id='word_1_141' title='bbox 614 1682 723 1735; x_wconf 89' lang='lat' dir='ltr'><strong>quoque</strong></span> <span class='ocrx_word' id='word_1_142' title='bbox 738 1665 850 1719; x_wconf 87' lang='lat' dir='ltr'><strong>dubium</strong></span> <span class='ocrx_word' id='word_1_143' title='bbox 865 1671 915 1734; x_wconf 87' lang='lat' dir='ltr'><strong>eat,</strong></span> <span class='ocrx_word' id='word_1_144' title='bbox 934 1684 969 1721; x_wconf 86' lang='lat' dir='ltr'><strong>an</strong></span> <span class='ocrx_word' id='word_1_145' title='bbox 983 1665 1119 1718; x_wconf 87' lang='lat' dir='ltr'><strong>Homerus</strong></span> <span class='ocrx_word' id='word_1_146' title='bbox 1133 1661 1226 1718; x_wconf 85' lang='lat' dir='ltr'><strong>Achil-</strong></span> 
     </span>
     <span class='ocr_line' id='line_1_19' title="bbox 255 1739 1227 1811; baseline -0.004 -16"><span class='ocrx_word' id='word_1_147' title='bbox 255 1741 289 1795; x_wconf 90' lang='lat' dir='ltr'><strong>lis</strong></span> <span class='ocrx_word' id='word_1_148' title='bbox 309 1739 351 1794; x_wconf 89' lang='lat' dir='ltr'><strong>sui</strong></span> <span class='ocrx_word' id='word_1_149' title='bbox 364 1756 514 1810; x_wconf 62' lang='lat' dir='ltr'><strong>,personam</strong></span> <span class='ocrx_word' id='word_1_150' title='bbox 535 1741 631 1795; x_wconf 89' lang='lat' dir='ltr'><strong>eodem</strong></span> <span class='ocrx_word' id='word_1_151' title='bbox 650 1742 712 1794; x_wconf 86' lang='lat' dir='ltr'><strong>loco</strong></span> <span class='ocrx_word' id='word_1_152' title='bbox 738 1740 877 1810; x_wconf 87' lang='lat' dir='ltr'><strong>habuerit,</strong></span> <span class='ocrx_word' id='word_1_153' title='bbox 903 1759 957 1811; x_wconf 91' lang='lat' dir='ltr'><strong>quo</strong></span> <span class='ocrx_word' id='word_1_154' title='bbox 979 1759 1037 1796; x_wconf 89' lang='lat' dir='ltr'><strong>eam</strong></span> <span class='ocrx_word' id='word_1_155' title='bbox 1059 1757 1152 1794; x_wconf 89' lang='lat' dir='ltr'><strong>omnes</strong></span> <span class='ocrx_word' id='word_1_156' title='bbox 1172 1739 1227 1795; x_wconf 79' lang='lat' dir='ltr'><strong>lere</strong></span> 
     </span>
     <span class='ocr_line' id='line_1_20' title="bbox 255 1816 1230 1888; baseline -0.002 -16"><span class='ocrx_word' id='word_1_157' title='bbox 255 1817 321 1872; x_wconf 83' lang='lat' dir='ltr'><strong>artis</strong></span> <span class='ocrx_word' id='word_1_158' title='bbox 341 1817 462 1888; x_wconf 84' lang='lat' dir='ltr'><strong>magistri</strong></span> <span class='ocrx_word' id='word_1_159' title='bbox 482 1816 593 1873; x_wconf 88' lang='lat' dir='ltr'><strong>habent.</strong></span> <span class='ocrx_word' id='word_1_160' title='bbox 633 1818 702 1874; x_wconf 92' lang='lat' dir='ltr'><strong>Nam</strong></span> <span class='ocrx_word' id='word_1_161' title='bbox 723 1835 806 1888; x_wconf 88' lang='lat' dir='ltr'><strong>quum</strong></span> <span class='ocrx_word' id='word_1_162' title='bbox 825 1819 871 1872; x_wconf 92' lang='lat' dir='ltr'><strong>ille</strong></span> <span class='ocrx_word' id='word_1_163' title='bbox 892 1819 987 1872; x_wconf 86' lang='lat' dir='ltr'><strong>seriem</strong></span> <span class='ocrx_word' id='word_1_164' title='bbox 1007 1817 1230 1888; x_wconf 87' lang='lat' dir='ltr'><strong>gravissimarum</strong></span> 
     </span>
     <span class='ocr_line' id='line_1_21' title="bbox 256 1893 1226 1964; baseline -0.002 -16"><span class='ocrx_word' id='word_1_165' title='bbox 256 1912 345 1949; x_wconf 90' lang='lat' dir='ltr'><strong>rerum</strong></span> <span class='ocrx_word' id='word_1_166' title='bbox 365 1911 420 1946; x_wconf 89' lang='lat' dir='ltr'><strong>non</strong></span> <span class='ocrx_word' id='word_1_167' title='bbox 439 1893 554 1961; x_wconf 87' lang='lat' dir='ltr'><strong>finxerit,</strong></span> <span class='ocrx_word' id='word_1_168' title='bbox 576 1895 623 1949; x_wconf 86' lang='lat' dir='ltr'><strong>sed</strong></span> <span class='ocrx_word' id='word_1_169' title='bbox 643 1896 715 1949; x_wconf 86' lang='lat' dir='ltr'><strong>fama</strong></span> <span class='ocrx_word' id='word_1_170' title='bbox 736 1895 870 1964; x_wconf 83' lang='lat' dir='ltr'><strong>acceperit</strong></span> <span class='ocrx_word' id='word_1_171' title='bbox 878 1893 929 1964; x_wconf 72' lang='grc'><strong>87),</strong></span> <span class='ocrx_word' id='word_1_172' title='bbox 950 1912 1013 1948; x_wconf 89' lang='lat' dir='ltr'><strong>num</strong></span> <span class='ocrx_word' id='word_1_173' title='bbox 1033 1895 1082 1947; x_wconf 91' lang='lat' dir='ltr'><strong>illa</strong></span> <span class='ocrx_word' id='word_1_174' title='bbox 1103 1893 1161 1947; x_wconf 84' lang='lat' dir='ltr'><strong>veri</strong></span> <span class='ocrx_word' id='word_1_175' title='bbox 1180 1911 1226 1962; x_wconf 91' lang='lat' dir='ltr'><strong>pa-</strong></span> 
     </span>
     <span class='ocr_line' id='line_1_22' title="bbox 255 1969 1227 2040; baseline -0.003 -16"><span class='ocrx_word' id='word_1_176' title='bbox 255 1989 314 2024; x_wconf 89' lang='lat' dir='ltr'><strong>rum</strong></span> <span class='ocrx_word' id='word_1_177' title='bbox 335 1969 432 2024; x_wconf 87' lang='lat' dir='ltr'><strong>similia</strong></span> <span class='ocrx_word' id='word_1_178' title='bbox 451 1971 586 2039; x_wconf 87' lang='lat' dir='ltr'><strong>videntur,</strong></span> <span class='ocrx_word' id='word_1_179' title='bbox 607 1972 718 2025; x_wconf 66' lang='lat' dir='ltr'><strong>heroem</strong></span> <span class='ocrx_word' id='word_1_180' title='bbox 737 1971 914 2025; x_wconf 86' lang='lat' dir='ltr'><strong>fortissimum</strong></span> <span class='ocrx_word' id='word_1_181' title='bbox 935 1988 994 2025; x_wconf 88' lang='lat' dir='ltr'><strong>curu</strong></span> <span class='ocrx_word' id='word_1_182' title='bbox 1016 1971 1101 2040; x_wconf 89' lang='lat' dir='ltr'><strong>copiis</strong></span> <span class='ocrx_word' id='word_1_183' title='bbox 1122 1971 1178 2024; x_wconf 90' lang='lat' dir='ltr'><strong>suis</strong></span> <span class='ocrx_word' id='word_1_184' title='bbox 1192 1969 1227 2024; x_wconf 87' lang='lat' dir='ltr'><strong>ab</strong></span> 
     </span>
     <span class='ocr_line' id='line_1_23' title="bbox 257 2045 1227 2117; baseline -0.001 -16"><span class='ocrx_word' id='word_1_185' title='bbox 257 2047 376 2102; x_wconf 87' lang='lat' dir='ltr'><strong>exercitu</strong></span> <span class='ocrx_word' id='word_1_186' title='bbox 396 2045 565 2100; x_wconf 87' lang='lat' dir='ltr'><strong>secedentem</strong></span> <span class='ocrx_word' id='word_1_187' title='bbox 587 2047 749 2101; x_wconf 89' lang='lat' dir='ltr'><strong>desiderium</strong></span> <span class='ocrx_word' id='word_1_188' title='bbox 771 2049 813 2101; x_wconf 91' lang='lat' dir='ltr'><strong>sui</strong></span> <span class='ocrx_word' id='word_1_189' title='bbox 833 2064 958 2115; x_wconf 85' lang='lat' dir='ltr'><strong>movere,</strong></span> <span class='ocrx_word' id='word_1_190' title='bbox 978 2047 1121 2117; x_wconf 89' lang='lat' dir='ltr'><strong>ipsumque</strong></span> <span class='ocrx_word' id='word_1_191' title='bbox 1142 2047 1227 2100; x_wconf 87' lang='lat' dir='ltr'><strong>otian-</strong></span> 
     </span>
     <span class='ocr_line' id='line_1_24' title="bbox 255 2120 1225 2194; baseline 0 -19"><span class='ocrx_word' id='word_1_192' title='bbox 255 2129 310 2176; x_wconf 86' lang='lat' dir='ltr'><strong>tem</strong></span> <span class='ocrx_word' id='word_1_193' title='bbox 332 2121 529 2190; x_wconf 84' lang='lat' dir='ltr'><strong>Agamemnoni</strong></span> <span class='ocrx_word' id='word_1_194' title='bbox 550 2130 577 2177; x_wconf 88' lang='lat' dir='ltr'><strong>et</strong></span> <span class='ocrx_word' id='word_1_195' title='bbox 592 2123 705 2180; x_wconf 82' lang='lat' dir='ltr'><strong>Graecis</strong></span> <span class='ocrx_word' id='word_1_196' title='bbox 725 2120 870 2194; x_wconf 77' lang='lat' dir='ltr'><strong>plurimum</strong></span> <span class='ocrx_word' id='word_1_197' title='bbox 885 2124 989 2194; x_wconf 78' lang='lat' dir='ltr'><strong>negotii</strong></span> <span class='ocrx_word' id='word_1_198' title='bbox 1002 2130 1029 2178; x_wconf 88' lang='lat' dir='ltr'><strong>et</strong></span> <span class='ocrx_word' id='word_1_199' title='bbox 1043 2139 1170 2178; x_wconf 89' lang='lat' dir='ltr'><strong>curarum</strong></span> <span class='ocrx_word' id='word_1_200' title='bbox 1183 2138 1225 2176; x_wconf 88' lang='lat' dir='ltr'><strong>ex-</strong></span> 
     </span>
     <span class='ocr_line' id='line_1_25' title="bbox 255 2197 1227 2268; baseline 0 -17"><span class='ocrx_word' id='word_1_201' title='bbox 255 2198 359 2264; x_wconf 89' lang='lat' dir='ltr'><strong>hibere,</strong></span> <span class='ocrx_word' id='word_1_202' title='bbox 379 2213 442 2249; x_wconf 86' lang='lat' dir='ltr'><strong>mox</strong></span> <span class='ocrx_word' id='word_1_203' title='bbox 455 2197 583 2253; x_wconf 89' lang='lat' dir='ltr'><strong>audacius</strong></span> <span class='ocrx_word' id='word_1_204' title='bbox 596 2200 760 2254; x_wconf 84' lang='lat' dir='ltr'><strong>irruentibus</strong></span> <span class='ocrx_word' id='word_1_205' title='bbox 774 2200 899 2254; x_wconf 89' lang='lat' dir='ltr'><strong>Troianis</strong></span> <span class='ocrx_word' id='word_1_206' title='bbox 913 2201 1044 2268; x_wconf 89' lang='lat' dir='ltr'><strong>revocari,</strong></span> <span class='ocrx_word' id='word_1_207' title='bbox 1059 2205 1087 2253; x_wconf 86' lang='lat' dir='ltr'><strong>at</strong></span> <span class='ocrx_word' id='word_1_208' title='bbox 1100 2215 1227 2268; x_wconf 83' lang='lat' dir='ltr'><strong>asperum</strong></span> 
     </span>
     <span class='ocr_line' id='line_1_26' title="bbox 257 2273 1224 2347; baseline -0.001 -19"><span class='ocrx_word' id='word_1_209' title='bbox 257 2280 285 2328; x_wconf 86' lang='lat' dir='ltr'><strong>et</strong></span> <span class='ocrx_word' id='word_1_210' title='bbox 304 2273 497 2328; x_wconf 80' lang='lat' dir='ltr'><strong>inexorabilem</strong></span> <span class='ocrx_word' id='word_1_211' title='bbox 518 2276 603 2330; x_wconf 88' lang='lat' dir='ltr'><strong>virum</strong></span> <span class='ocrx_word' id='word_1_212' title='bbox 626 2293 723 2347; x_wconf 85' lang='lat' dir='ltr'><strong>negare</strong></span> <span class='ocrx_word' id='word_1_213' title='bbox 744 2277 859 2346; x_wconf 88' lang='lat' dir='ltr'><strong>primum</strong></span> <span class='ocrx_word' id='word_1_214' title='bbox 882 2282 909 2330; x_wconf 85' lang='lat' dir='ltr'><strong>et</strong></span> <span class='ocrx_word' id='word_1_215' title='bbox 927 2275 1108 2347; x_wconf 84' lang='lat' dir='ltr'><strong>tergiversari,</strong></span> <span class='ocrx_word' id='word_1_216' title='bbox 1131 2274 1224 2329; x_wconf 88' lang='lat' dir='ltr'><strong>deinde</strong></span> 
     </span>
     <span class='ocr_line' id='line_1_27' title="bbox 257 2350 1225 2421; baseline -0.002 -17"><span class='ocrx_word' id='word_1_217' title='bbox 257 2350 392 2404; x_wconf 87' lang='lat' dir='ltr'><strong>communi</strong></span> <span class='ocrx_word' id='word_1_218' title='bbox 412 2350 533 2419; x_wconf 89' lang='lat' dir='ltr'><strong>periculo</strong></span> <span class='ocrx_word' id='word_1_219' title='bbox 554 2353 703 2407; x_wconf 85' lang='lat' dir='ltr'><strong>concedere</strong></span> <span class='ocrx_word' id='word_1_220' title='bbox 722 2353 853 2420; x_wconf 84' lang='lat' dir='ltr'><strong>amicum,</strong></span> <span class='ocrx_word' id='word_1_221' title='bbox 873 2353 996 2421; x_wconf 83' lang='lat' dir='ltr'><strong>tandem,</strong></span> <span class='ocrx_word' id='word_1_222' title='bbox 1023 2351 1071 2406; x_wconf 93' lang='lat' dir='ltr'><strong>illo</strong></span> <span class='ocrx_word' id='word_1_223' title='bbox 1100 2351 1225 2406; x_wconf 88' lang='lat' dir='ltr'><strong>Hectoris</strong></span> 
     </span>
     <span class='ocr_line' id='line_1_28' title="bbox 256 2427 1225 2498; baseline -0.002 -17"><span class='ocrx_word' id='word_1_224' title='bbox 256 2427 380 2482; x_wconf 88' lang='lat' dir='ltr'><strong>manibus</strong></span> <span class='ocrx_word' id='word_1_225' title='bbox 401 2443 491 2494; x_wconf 87' lang='lat' dir='ltr'><strong>caeso,</strong></span> <span class='ocrx_word' id='word_1_226' title='bbox 512 2428 598 2498; x_wconf 89' lang='lat' dir='ltr'><strong>ipsum</strong></span> <span class='ocrx_word' id='word_1_227' title='bbox 621 2428 767 2483; x_wconf 90' lang='lat' dir='ltr'><strong>ulciscendi</strong></span> <span class='ocrx_word' id='word_1_228' title='bbox 789 2446 872 2484; x_wconf 86' lang='lat' dir='ltr'><strong>causa</strong></span> <span class='ocrx_word' id='word_1_229' title='bbox 891 2430 978 2484; x_wconf 87' lang='lat' dir='ltr'><strong>redire</strong></span> <span class='ocrx_word' id='word_1_230' title='bbox 998 2428 1035 2484; x_wconf 90' lang='lat' dir='ltr'><strong>ad</strong></span> <span class='ocrx_word' id='word_1_231' title='bbox 1048 2445 1168 2498; x_wconf 86' lang='lat' dir='ltr'><strong>pugnarn</strong></span> <span class='ocrx_word' id='word_1_232' title='bbox 1181 2443 1225 2480; x_wconf 88' lang='lat' dir='ltr'><strong>vo-</strong></span> 
     </span>
     <span class='ocr_line' id='line_1_29' title="bbox 256 2503 1225 2574; baseline -0.002 -16"><span class='ocrx_word' id='word_1_233' title='bbox 256 2505 332 2574; x_wconf 90' lang='lat' dir='ltr'><strong>tique</strong></span> <span class='ocrx_word' id='word_1_234' title='bbox 352 2511 504 2572; x_wconf 87' lang='lat' dir='ltr'><strong>compotem</strong></span> <span class='ocrx_word' id='word_1_235' title='bbox 518 2505 576 2558; x_wconf 90' lang='lat' dir='ltr'><strong>iure</strong></span> <span class='ocrx_word' id='word_1_236' title='bbox 590 2505 655 2560; x_wconf 90' lang='lat' dir='ltr'><strong>belli</strong></span> <span class='ocrx_word' id='word_1_237' title='bbox 669 2507 697 2558; x_wconf 89' lang='lat' dir='ltr'><strong>in</strong></span> <span class='ocrx_word' id='word_1_238' title='bbox 710 2506 856 2560; x_wconf 84' lang='lat' dir='ltr'><strong>Hectorem</strong></span> <span class='ocrx_word' id='word_1_239' title='bbox 872 2503 996 2560; x_wconf 75' lang='lat' dir='ltr'><strong>saevire?</strong></span> <span class='ocrx_word' id='word_1_240' title='bbox 1015 2506 1096 2572; x_wconf 86' lang='lat' dir='ltr'><strong>Num,</strong></span> <span class='ocrx_word' id='word_1_241' title='bbox 1117 2505 1140 2560; x_wconf 91' lang='lat' dir='ltr'><strong>si</strong></span> <span class='ocrx_word' id='word_1_242' title='bbox 1154 2504 1225 2558; x_wconf 86' lang='lat' dir='ltr'><strong>Thu·</strong></span> 
     </span>
     <span class='ocr_line' id='line_1_30' title="bbox 257 2579 1229 2651; baseline 0.002 -19"><span class='ocrx_word' id='word_1_243' title='bbox 257 2579 368 2651; x_wconf 84' lang='lat' dir='ltr'><strong>cydidee</strong></span> <span class='ocrx_word' id='word_1_244' title='bbox 382 2581 426 2633; x_wconf 88' lang='lat' dir='ltr'><strong>vel</strong></span> <span class='ocrx_word' id='word_1_245' title='bbox 436 2579 591 2651; x_wconf 89' lang='lat' dir='ltr'><strong>Xenophon</strong></span> <span class='ocrx_word' id='word_1_246' title='bbox 605 2581 677 2636; x_wconf 91' lang='lat' dir='ltr'><strong>hunc</strong></span> <span class='ocrx_word' id='word_1_247' title='bbox 690 2599 789 2636; x_wconf 89' lang='lat' dir='ltr'><strong>annum</strong></span> <span class='ocrx_word' id='word_1_248' title='bbox 804 2583 830 2635; x_wconf 89' lang='lat' dir='ltr'><strong>in</strong></span> <span class='ocrx_word' id='word_1_249' title='bbox 845 2583 956 2637; x_wconf 87' lang='lat' dir='ltr'><strong>annales</strong></span> <span class='ocrx_word' id='word_1_250' title='bbox 970 2581 1116 2648; x_wconf 86' lang='lat' dir='ltr'><strong>retulisset,</strong></span> <span class='ocrx_word' id='word_1_251' title='bbox 1130 2579 1229 2635; x_wconf 83' lang='lat' dir='ltr'><strong>Achil·</strong></span> 
     </span>
     <span class='ocr_line' id='line_1_31' title="bbox 256 2655 1225 2728; baseline 0 -19"><span class='ocrx_word' id='word_1_252' title='bbox 256 2656 319 2723; x_wconf 88' lang='lat' dir='ltr'><strong>lem,</strong></span> <span class='ocrx_word' id='word_1_253' title='bbox 340 2673 422 2725; x_wconf 89' lang='lat' dir='ltr'><strong>quum</strong></span> <span class='ocrx_word' id='word_1_254' title='bbox 435 2659 616 2712; x_wconf 87' lang='lat' dir='ltr'><strong>secessionem</strong></span> <span class='ocrx_word' id='word_1_255' title='bbox 628 2658 747 2725; x_wconf 88' lang='lat' dir='ltr'><strong>fecisset,</strong></span> <span class='ocrx_word' id='word_1_256' title='bbox 768 2658 921 2712; x_wconf 88' lang='lat' dir='ltr'><strong>describere</strong></span> <span class='ocrx_word' id='word_1_257' title='bbox 941 2664 1053 2728; x_wconf 87' lang='lat' dir='ltr'><strong>poterat</strong></span> <span class='ocrx_word' id='word_1_258' title='bbox 1073 2658 1162 2712; x_wconf 91' lang='lat' dir='ltr'><strong>minus</strong></span> <span class='ocrx_word' id='word_1_259' title='bbox 1183 2655 1225 2710; x_wconf 91' lang='lat' dir='ltr'><strong>de-</strong></span> 
     </span>
     <span class='ocr_line' id='line_1_32' title="bbox 257 2732 1226 2804; baseline 0 -18"><span class='ocrx_word' id='word_1_260' title='bbox 257 2732 414 2799; x_wconf 85' lang='lat' dir='ltr'><strong>sideratum,</strong></span> <span class='ocrx_word' id='word_1_261' title='bbox 435 2738 490 2800; x_wconf 86' lang='lat' dir='ltr'><strong>aut,</strong></span> <span class='ocrx_word' id='word_1_262' title='bbox 511 2752 594 2804; x_wconf 90' lang='lat' dir='ltr'><strong>quum</strong></span> <span class='ocrx_word' id='word_1_263' title='bbox 614 2741 796 2802; x_wconf 84' lang='lat' dir='ltr'><strong>revocaretur,</strong></span> <span class='ocrx_word' id='word_1_264' title='bbox 817 2735 904 2788; x_wconf 90' lang='lat' dir='ltr'><strong>miuus</strong></span> <span class='ocrx_word' id='word_1_265' title='bbox 923 2733 1086 2788; x_wconf 84' lang='lat' dir='ltr'><strong>honoratum</strong></span> <span class='ocrx_word' id='word_1_266' title='bbox 1106 2735 1226 2787; x_wconf 87' lang='lat' dir='ltr'><strong>minusve</strong></span> 
     </span>
     <span class='ocr_line' id='line_1_33' title="bbox 257 2807 1225 2881; baseline 0.001 -20"><span class='ocrx_word' id='word_1_267' title='bbox 257 2807 434 2878; x_wconf 85' lang='lat' dir='ltr'><strong>pertinacem,</strong></span> <span class='ocrx_word' id='word_1_268' title='bbox 454 2817 503 2864; x_wconf 83' lang='lat' dir='ltr'><strong>aut</strong></span> <span class='ocrx_word' id='word_1_269' title='bbox 523 2811 647 2881; x_wconf 87' lang='lat' dir='ltr'><strong>denique,</strong></span> <span class='ocrx_word' id='word_1_270' title='bbox 669 2829 751 2880; x_wconf 90' lang='lat' dir='ltr'><strong>quum</strong></span> <span class='ocrx_word' id='word_1_271' title='bbox 773 2818 891 2866; x_wconf 88' lang='lat' dir='ltr'><strong>veterem</strong></span> <span class='ocrx_word' id='word_1_272' title='bbox 905 2811 973 2864; x_wconf 91' lang='lat' dir='ltr'><strong>iram</strong></span> <span class='ocrx_word' id='word_1_273' title='bbox 986 2827 1058 2866; x_wconf 87' lang='lat' dir='ltr'><strong>nova</strong></span> <span class='ocrx_word' id='word_1_274' title='bbox 1072 2809 1225 2880; x_wconf 87' lang='lat' dir='ltr'><strong>expulisset,</strong></span> 
     </span>
     <span class='ocr_line' id='line_1_34' title="bbox 257 2883 1229 2958; baseline 0.002 -20"><span class='ocrx_word' id='word_1_275' title='bbox 257 2884 344 2938; x_wconf 88' lang='lat' dir='ltr'><strong>minus</strong></span> <span class='ocrx_word' id='word_1_276' title='bbox 364 2883 511 2955; x_wconf 89' lang='lat' dir='ltr'><strong>insignem,</strong></span> <span class='ocrx_word' id='word_1_277' title='bbox 531 2904 636 2956; x_wconf 85' lang='lat' dir='ltr'><strong>aerem,</strong></span> <span class='ocrx_word' id='word_1_278' title='bbox 657 2887 768 2956; x_wconf 85' lang='lat' dir='ltr'><strong>fortem,</strong></span> <span class='ocrx_word' id='word_1_279' title='bbox 789 2885 970 2958; x_wconf 82' lang='lat' dir='ltr'><strong>generosum?</strong></span> <span class='ocrx_word' id='word_1_280' title='bbox 1015 2885 1062 2941; x_wconf 83' lang='lat' dir='ltr'><strong>Au</strong></span> <span class='ocrx_word' id='word_1_281' title='bbox 1082 2895 1113 2940; x_wconf 86' lang='lat' dir='ltr'><strong>tu</strong></span> <span class='ocrx_word' id='word_1_282' title='bbox 1132 2886 1229 2940; x_wconf 85' lang='lat' dir='ltr'><strong>mirum</strong></span> 
     </span>
    </p>
   </div>
   <div class='ocr_carea' id='block_1_4' title="bbox 257 3055 1229 3539">
    <p class='ocr_par' dir='ltr' id='par_1_9' title="bbox 257 3055 1229 3539">
     <span class='ocr_line' id='line_1_35' title="bbox 260 3055 857 3093; baseline -0.008 -13"><span class='ocrx_word' id='word_1_283' title='bbox 260 3075 262 3080; x_wconf 95' lang='lat'><em>.</em></span> <span class='ocrx_word' id='word_1_284' title='bbox 326 3060 347 3093; x_wconf 64' lang='lat'><strong>⁸0</strong></span> <span class='ocrx_word' id='word_1_285' title='bbox 371 3055 384 3078; x_wconf 74' lang='grc' dir='ltr'><strong><em>Ἀ</em></strong></span> <span class='ocrx_word' id='word_1_286' title='bbox 511 3061 516 3073; x_wconf 82' lang='lat'><strong><em>¹</em></strong></span> <span class='ocrx_word' id='word_1_287' title='bbox 670 3061 675 3078; x_wconf 80' lang='lat' dir='ltr'><strong>r</strong></span> <span class='ocrx_word' id='word_1_288' title='bbox 727 3061 734 3077; x_wconf 79' lang='grc' dir='ltr'><em>ν</em></span> <span class='ocrx_word' id='word_1_289' title='bbox 851 3063 857 3075; x_wconf 73' lang='lat' dir='ltr'><em>n</em></span> 
     </span>
     <span class='ocr_line' id='line_1_36' title="bbox 326 3055 1225 3196; baseline -0.001 -16"><span class='ocrx_word' id='word_1_290' title='bbox 326 3060 358 3195; x_wconf 61' lang='lat'><strong>⁸⁷3</strong></span> <span class='ocrx_word' id='word_1_291' title='bbox 376 3055 617 3183; x_wconf 46' lang='lat' dir='ltr'><strong>lddarddubereexobddiav</strong></span> <span class='ocrx_word' id='word_1_292' title='bbox 625 3062 803 3182; x_wconf 55' lang='lat' dir='ltr'><strong>adargddddm</strong></span> <span class='ocrx_word' id='word_1_293' title='bbox 814 3064 916 3181; x_wconf 45' lang='lat' dir='ltr'><strong>{gelg-</strong></span> <span class='ocrx_word' id='word_1_294' title='bbox 927 3062 1045 3196; x_wconf 48' lang='grc' dir='ltr'><strong>σιολτόιλμιλλ</strong></span> <span class='ocrx_word' id='word_1_295' title='bbox 1054 3063 1155 3182; x_wconf 61' lang='grc' dir='ltr'><strong>τῗτίῑοτσ</strong></span> <span class='ocrx_word' id='word_1_296' title='bbox 1167 3144 1225 3180; x_wconf 80' lang='lat' dir='ltr'><strong>nar·</strong></span> 
     </span>
     <span class='ocr_line' id='line_1_37' title="bbox 257 3195 1225 3266; baseline -0.004 -16"><span class='ocrx_word' id='word_1_297' title='bbox 257 3208 295 3250; x_wconf 83' lang='lat' dir='ltr'><strong>rat</strong></span> <span class='ocrx_word' id='word_1_298' title='bbox 311 3195 412 3250; x_wconf 89' lang='lat' dir='ltr'><strong>illorum</strong></span> <span class='ocrx_word' id='word_1_299' title='bbox 430 3206 569 3265; x_wconf 85' lang='lat' dir='ltr'><strong>temporum</strong></span> <span class='ocrx_word' id='word_1_300' title='bbox 588 3199 679 3265; x_wconf 72' lang='lat' dir='ltr'><strong>poesis,</strong></span> <span class='ocrx_word' id='word_1_301' title='bbox 699 3217 781 3266; x_wconf 86' lang='lat' dir='ltr'><strong>neque</strong></span> <span class='ocrx_word' id='word_1_302' title='bbox 798 3201 881 3250; x_wconf 85' lang='lat' dir='ltr'><strong>omnia</strong></span> <span class='ocrx_word' id='word_1_303' title='bbox 899 3197 981 3265; x_wconf 80' lang='lat' dir='ltr'><strong>fingit,</strong></span> <span class='ocrx_word' id='word_1_304' title='bbox 993 3207 1022 3249; x_wconf 87' lang='lat' dir='ltr'><strong>ut</strong></span> <span class='ocrx_word' id='word_1_305' title='bbox 1033 3199 1093 3249; x_wconf 93' lang='lat' dir='ltr'><strong>olim</strong></span> <span class='ocrx_word' id='word_1_306' title='bbox 1106 3199 1225 3266; x_wconf 84' lang='lat' dir='ltr'><strong>putabant</strong></span> 
     </span>
     <span class='ocr_line' id='line_1_38' title="bbox 258 3266 1229 3334; baseline -0.004 -16"><span class='ocrx_word' id='word_1_307' title='bbox 258 3267 303 3318; x_wconf 84' lang='lat' dir='ltr'><strong>riri</strong></span> <span class='ocrx_word' id='word_1_308' title='bbox 322 3268 404 3318; x_wconf 71' lang='lat' dir='ltr'><strong>doctr:</strong></span> <span class='ocrx_word' id='word_1_309' title='bbox 432 3267 483 3318; x_wconf 84' lang='lat' dir='ltr'><strong>Sed</strong></span> <span class='ocrx_word' id='word_1_310' title='bbox 500 3270 592 3318; x_wconf 83' lang='lat' dir='ltr'><strong>frustra</strong></span> <span class='ocrx_word' id='word_1_311' title='bbox 608 3266 757 3334; x_wconf 89' lang='lat' dir='ltr'><strong>plerumque</strong></span> <span class='ocrx_word' id='word_1_312' title='bbox 776 3268 898 3329; x_wconf 83' lang='lat' dir='ltr'><strong>laborant,</strong></span> <span class='ocrx_word' id='word_1_313' title='bbox 911 3269 956 3333; x_wconf 92' lang='lat' dir='ltr'><strong>qui</strong></span> <span class='ocrx_word' id='word_1_314' title='bbox 970 3274 1075 3334; x_wconf 86' lang='lat' dir='ltr'><strong>atraque</strong></span> <span class='ocrx_word' id='word_1_315' title='bbox 1087 3267 1229 3318; x_wconf 83' lang='lat' dir='ltr'><strong>discernere</strong></span> 
     </span>
     <span class='ocr_line' id='line_1_39' title="bbox 258 3334 689 3387; baseline 0.002 -2"><span class='ocrx_word' id='word_1_316' title='bbox 258 3334 353 3386; x_wconf 79' lang='lat' dir='ltr'><strong>volunt.</strong></span> <span class='ocrx_word' id='word_1_317' title='bbox 389 3337 571 3387; x_wconf 83' lang='lat' dir='ltr'><strong>Praedixeruut</strong></span> <span class='ocrx_word' id='word_1_318' title='bbox 588 3335 689 3386; x_wconf 85' lang='lat' dir='ltr'><strong>Musae:</strong></span> 
     </span>
     <span class='ocr_line' id='line_1_40' title="bbox 371 3400 1054 3470; baseline -0.003 -16"><span class='ocrx_word' id='word_1_319' title='bbox 371 3401 466 3466; x_wconf 81' lang='grc' dir='ltr'><em>Ἰδμεν</em></span> <span class='ocrx_word' id='word_1_320' title='bbox 484 3402 591 3468; x_wconf 80' lang='grc' dir='ltr'><em>ψεύδεα</em></span> <span class='ocrx_word' id='word_1_321' title='bbox 607 3400 690 3454; x_wconf 87' lang='grc' dir='ltr'><em>πολλὰ</em></span> <span class='ocrx_word' id='word_1_322' title='bbox 708 3401 794 3470; x_wconf 75' lang='grc' dir='ltr'><em>λέγειν</em></span> <span class='ocrx_word' id='word_1_323' title='bbox 813 3400 948 3464; x_wconf 82' lang='grc' dir='ltr'><em>ἐτύμοισιν</em></span> <span class='ocrx_word' id='word_1_324' title='bbox 967 3401 1054 3463; x_wconf 81' lang='grc' dir='ltr'><em>ὁμοῖα.</em></span> 
     </span>
     <span class='ocr_line' id='line_1_41' title="bbox 379 3467 1073 3539; baseline 0 -19"><span class='ocrx_word' id='word_1_325' title='bbox 379 3467 453 3534; x_wconf 74' lang='grc' dir='ltr'><em>ἴδμεν</em></span> <span class='ocrx_word' id='word_1_326' title='bbox 473 3471 507 3536; x_wconf 78' lang='grc' dir='ltr'><strong>δ’,</strong></span> <span class='ocrx_word' id='word_1_327' title='bbox 525 3469 581 3523; x_wconf 62' lang='grc' dir='ltr'><strong>εὖτ’</strong></span> <span class='ocrx_word' id='word_1_328' title='bbox 599 3469 748 3534; x_wconf 70' lang='grc' dir='ltr'><em>ἐθέλωμεν,</em></span> <span class='ocrx_word' id='word_1_329' title='bbox 767 3469 871 3539; x_wconf 73' lang='grc' dir='ltr'><em>ἀληθέα</em></span> <span class='ocrx_word' id='word_1_330' title='bbox 887 3469 1073 3539; x_wconf 66' lang='grc' dir='ltr'><em>μυθήσασθαι.</em></span> 
     </span>
    </p>
   </div>
   <div class='ocr_carea' id='block_1_5' title="bbox 0 0 1359 4124">
    <p class='ocr_par' dir='ltr' id='par_1_10' title="bbox 0 0 1359 4124">
     <span class='ocr_line' id='line_1_42' title="bbox 0 0 1359 4124; baseline 0 0"><span class='ocrx_word' id='word_1_331' title='bbox 0 0 1359 4124; x_wconf 95' lang='lat' dir='ltr'><strong> </strong></span> 
     </span>
    </p>
   </div>
  </div>
 </body>
</html>
