2694 4116
504 347 636 406 -157
677 377 713 392 -

121 511 324 583 Quamobrem,
345 510 368 565 si
388 510 422 566 ds
440 509 568 565 universa
586 509 657 566 isaie
678 517 707 566 st
725 511 822 567 habitu
842 507 995 568 carminum
1015 530 1106 584 quse.

119 584 223 662 rimus}‚
243 605 297 642 non
317 593 358 642 est
378 587 503 655 dubium,
524 586 589 658 quin
609 593 682 642 reete
703 588 830 644 divinarit
851 587 1019 660 (iipbunius,
1041 590 1098 645 vui·

118 673 217 736 9mam
235 672 355 718 nostrum
374 663 548 718 recensionem
568 680 624 718 csse
642 663 732 734 ι’ροαιτι
751 665 961 720 Arr'eturclreum.
999 667 1098 722 Melius
1127 718 1128 722 ,

118 743 177 797 hoo
197 741 403 808 diiudicabitur,
427 740 522 795 saltem
542 739 630 795 iustae
650 741 806 797 tractationi
826 741 907 796 buius
927 743 1097 813 quaestionis

118 819 284 888 proludetur
304 835 352 887 per
373 834 420 884 ea,
447 833 518 887 quae
543 834 615 870 nuno
633 817 776 872 additurus
796 835 855 872 sum
876 817 909 873 de
930 815 1096 886 dier-issem

119 901 206 966 atque
226 894 314 949 lituris
333 893 414 948 illius.

199 971 315 1024 Multum
341 969 411 1024 enim
437 969 526 1025 differt
551 969 621 1024 inter
645 970 757 1025 obelum
781 971 838 1026 sive
868 967 1007 1036 ἀθέτησιν,
1026 987 1097 1043 quse

119 1064 186 1102 vere
211 1047 324 1113 dicitur,
350 1051 378 1100 et
403 1046 473 1101 inter
497 1047 614 1100 lituram.
660 1047 848 1102 Aristarchum
872 1053 962 1102 autem
990 1048 1016 1102 in
1038 1064 1096 1102 cor-

118 1124 287 1179 rectionibus
308 1123 363 1178 suis
383 1139 437 1177 non
458 1123 559 1193 ubique
579 1123 633 1177 ista
652 1130 719 1178 nuta
737 1141 825 1192 usum,
845 1125 892 1179 sed
912 1125 992 1194 plura
1013 1124 1094 1178 etiarn

117 1199 242 1254 funditus
267 1199 410 1254 sustulisse
435 1216 468 1252 sc
495 1199 642 1268 delevisse,
668 1206 725 1254 turn
752 1217 810 1254 mos
836 1201 955 1272 priorum
977 1200 1096 1256 Techni-

117 1293 215 1332 cornm
234 1275 365 1331 credibile
384 1274 509 1345 iacit42),
535 1281 593 1332 tum
613 1276 750 1330 Ammonii
776 1278 848 1332 clare
874 1277 956 1332 docet
976 1277 1096 1332 auctori·

115 1351 215 1422 tas⁴³).
249 1352 310 1423 Quo
331 1352 484 1407 discrimine
503 1352 598 1407 iecerit
617 1359 770 1423 utrumque,
792 1353 989 1424 incompertum
1012 1353 1096 1408 habe·

123 1446 194 1483 mus.
230 1429 326 1484 Liturs
345 1445 393 1483 seu
413 1429 484 1482 falce
504 1445 564 1483 eum
585 1446 663 1483 usum
678 1429 773 1484 eredas
786 1429 814 1484 in
826 1429 859 1483 iis
873 1430 1005 1498 versibus,
1027 1446 1097 1501 quos

117 1504 164 1560 vel
185 1505 263 1559 nimis
283 1506 437 1560 luxuriosos
456 1505 598 1574 iudicaret,
619 1507 664 1560 rel
685 1506 772 1560 modis
793 1513 821 1561 et
839 1506 957 1561 numeris
970 1505 1095 1561 Homeri·

118 1582 159 1636 cis
179 1582 309 1651 absonos,
332 1583 375 1636 vel
395 1581 545 1636 contrarios
565 1582 715 1637 sententiae
734 1583 902 1638 sermonIsve
916 1582 1016 1638 (dracoi
1028 1583 1096 1653 legi·

115 1659 179 1726 bus,
201 1666 248 1713 aut
268 1676 337 1729 quos
357 1659 384 1712 in
405 1658 513 1728 optimis
534 1658 734 1728 exemplaribus
747 1676 801 1713 non
815 1657 1020 1731 reperisset⁴⁴);
1042 1659 1096 1713 vir·

117 1854 230 1934 appello,
249 1869 293 1904 our
311 1852 345 1903 itn
363 1851 474 1912 crudum,
491 1853 543 1902 alio
561 1851 688 1903 volumine
699 1851 841 1917 explicabo.
868 1850 914 1902 un
925 1850 991 1901 illud
1003 1849 1094 1918 paullo

116 1923 243 1973 drversum
262 1936 278 1970 a
296 1922 444 1988 quaestione
462 1918 493 1970 de
511 1928 615 1970 auctore
633 1919 788 1971 recensione
798 1926 908 1972 nostrus.
938 1919 1093 1986 Quanquam

116 2006 163 2042 neo
180 1990 242 2041 haee
260 1988 376 2056 quaestio
394 1989 544 2053 pertractari
563 1988 604 2038 bio
621 1996 713 2056 potest,
731 1993 759 2038 ut
776 1987 860 2038 debet.

240 2058 308 2108 Vide
326 2073 402 2122 supra
420 2071 459 2122 up.
479 2055 569 2106 XLIII.
588 2065 614 2108 et
630 2056 721 2107 XLIV.

184 2057 222 2256 ἢ
239 2125 326 2176 Schol·
345 2125 378 2174 ad
396 2141 419 2173 1·
437 2126 582 2179 397-399.
611 2121 786 2187 Ἀμμώνιοςὸ
797 2120 1095 2194 Ἀριστάρχειοςπρῶ·

118 2211 165 2249 τον
219 2211 234 2243 ν
253 2191 421 2258 στιγμαῖς
439 2193 469 2259 (i.
487 2208 509 2243 e.
526 2189 702 2311 obelismol
724 2190 771 2243 τὸν
787 2187 969 2310 Ἀρίσταρχον
992 2208 1034 2243 πα
1066 2208 1094 2241 α-

117 2259 388 2332 σημειώσασιῖαι
405 2257 512 2324 αὐτούς,
532 2256 593 2311 εἶτα
675 2276 731 2310 εον
750 2258 807 2318 &Es
835 2263 901 2322 εῖν,
919 2258 990 2330 τάχα
1008 2259 1032 2311 δι
1064 2259 1095 2312 τὸ

117 2330 161 2383 ἐπὶ
178 2329 313 2397 δευτέρου
331 2327 476 2397 προςώπου
493 2332 524 2380 τὸ
542 2327 638 2396 σφίσι
656 2326 798 2447 rsrq‘spdur,
816 2327 859 2379 καὶ
876 2323 983 2380 ἄνωθεν
1009 2343 1091 2390 μεττ-

117 2398 255 2469 νηνέχτναι.
290 2397 328 2448 Ex
346 2398 422 2448 simili
438 2397 508 2448 ionte
526 2397 665 2449 derivatum
682 2399 707 2448 ri
727 2406 782 2448 etur
798 2397 835 2458 id,
853 2397 922 2462 quod
940 2397 972 2447 sd
990 2411 1013 2450 s.
1032 2397 1096 2452 808.

116 2468 221 2536 legitur:
241 2463 279 2515 οὐ
295 2463 445 2517 nauel-oo
464 2463 597 2534 εὑρέθη
615 2462 691 2532 παρὰ
705 2461 880 2534 Ἀριστάρχῳ
897 2464 931 2514 τὸ
940 2457 992 2532 ‘Pp
1001 2461 1097 2521 ϊδίιυς

115 2551 139 2587 τι.
158 2552 183 2590 τ.
201 2533 225 2588 l.
244 2533 326 2596 Quem
344 2551 454 2595 versum,
471 2535 629 2600 ineptissimo
647 2534 703 2585 loos
720 2532 854 2600 repetitum
870 2549 902 2584 ex
920 2530 944 2582 δ.
962 2533 1030 2594 390.,
1042 2532 1094 2583 ibi-

116 2604 175 2656 dem
193 2602 321 2670 discimus,
341 2602 486 2669 appositum
504 2618 561 2654 esse
575 2601 738 2662 aZenodotm
751 2618 784 2651 au
794 2602 826 2651 ab
838 2601 889 2653 hoc
901 2618 952 2652 uno
963 2609 989 2652 et
1002 2600 1095 2667 primo,

116 2689 166 2724 non
185 2678 292 2723 constat.
327 2671 369 2721 Ad
387 2670 454 2722 idem
471 2687 552 2738 genus
570 2670 662 2722 liturae
679 2676 777 2736 spectat
794 2669 902 2720 fortusse
925 2670 1031 2720 verbum
1048 2665 1093 2718 ἐκ·

116 2737 249 2807 κρίνειν
269 2739 294 2788 in
318 2739 449 2805 prueelars
465 2745 524 2789 note
541 2737 679 2790 Aristonici
696 2737 730 2788 ad
746 2736 774 2788 u.
791 2737 851 2793 535.
875 2731 1045 2804 Ἐγκρίνει
1064 2733 1094 2787 δὲ

116 2805 218 2870 μᾶλλον
237 2805 252 2856 ὁ
270 2803 455 2874 Ἀρίσταρχος
471 2804 537 2864 τοὺς
554 2804 707 2873 δευτέρους.
726 2806 790 2872 (res.
808 2805 965 2870 oet-537.)

185 2874 219 2942 ⁴⁴)
237 2871 327 2927 Isidor.
346 2873 433 2942 Origg.
451 2875 472 2936 1,
489 2875 532 2928 20.
566 2873 656 2926 Obuius
672 2872 812 2938 opponitur
828 2873 910 2924 uerbis
928 2881 974 2924 out
990 2879 1093 2924 umen-

118 2943 162 2994 tiie
183 2941 361 3008 superflue
384 2941 523 2994 iteratis.
565 2942 622 2993 Huc
646 2946 775 3009 pertinent
798 2939 937 2992 recidenda
959 2941 1094 3008 ambitiopu

120 3018 269 3062 memento
293 3025 334 3076 ap.
351 3009 413 3061 Hor.
449 3011 484 3062 At
505 3011 604 3078 gravior
626 3011 697 3062 locus
720 3017 759 3060 est
780 3008 902 3076 Apellen.
927 3009 958 3061 ds
982 3009 1053 3076 Synt.
1071 3008 1093 3072 1,

119 3080 172 3140 11,
189 3079 231 3130 ubi
249 3085 383 3146 postquem
401 3081 500 3129 monuit
519 3080 551 3131 de
570 3076 756 3130 abundantibus
774 3078 871 3140 litteris,
883 3076 989 3144 syllabis
1001 3085 1028 3129 et
1040 3075 1094 3128 dio-

117 3145 229 3198 tionibus
247 3142 386 3214 (λέξεσιν),
405 3147 484 3208 addit,
502 3147 630 3200 interdum
644 3145 721 3198 etism
738 3145 765 3196 i'n
782 3153 835 3198 totu
852 3145 962 3196 oratione
979 3159 1036 3196 esse
1048 3144 1094 3195 ali-

117 3214 179 3282 quid
197 3230 427 3281 supervseansum,
445 3208 512 3266 itt!
526 3207 663 3267 norell-⁷
676 3212 744 3264 ποτὲ
761 3210 917 3280 παρέλκειν,
928 3211 1001 3280 πρὸς
1011 3209 1092 3262 οὐδὲν

116 3280 318 3340 συντείνοντας·
337 3278 395 3350 εἴγε
412 3280 555 3342 πλείους
578 3280 768 3350 ἀθετήσεις
789 3278 812 3333 Ἀ
844 3279 1014 3350 ιστάρχαυ
1040 3276 1094 3330 διὰ

116 3349 202 3409 τοὺς
218 3347 404 3408 τοιούτους
420 3349 570 3431 τρόπους
587 3349 762 3419 ἐγένοντο.
826 3365 870 3401 aee
887 3348 991 3415 plenam
1008 3347 1100 3424 lucem.

117 3419 677 3556 bbttfftttiilff.l⁰3tbtt
694 3415 1094 3552 tritititlttttttt

117 3556 195 3608 stab
211 3555 329 3623 Argolico
346 3554 465 3624 exemplo
484 3556 595 3608 abluisse
612 3553 773 3607 Callistratus
797 3553 957 3620 prodiderat,
974 3566 992 3604 a
1009 3551 1092 3604 Zeno·
