2694 4116
549 266 762 340 —163'—

245 449 359 513 Fateor,
387 445 455 499 haec
482 442 571 498 omnia
599 461 616 497 a
641 444 720 499 nobis
746 462 801 499 non
825 462 906 514 posse
931 445 1084 501 confirmari
1105 446 1141 501 ob

166 530 303 598 egestates
323 522 454 576 fontium:
481 526 509 574 et
538 521 671 574 clarorum
691 527 843 590 temporum
862 521 951 576 lucem
972 523 1142 592 exspectanti

167 602 266 658 sensim
291 597 416 668 subrepit
441 596 560 651 taedium
585 597 814 654 coniecturarum:
845 604 874 652 at
900 615 980 652 unam
1004 615 1062 652 rem
1087 614 1141 652 nou

90 704 95 716 ¹
165 679 255 733 debeo
276 675 408 741 omittere,
430 672 465 727 ad
485 672 613 726 iudicium
634 679 756 728 nostrum
777 674 811 728 de
824 674 878 728 hoe
891 674 1004 744 vulgato
1019 675 1140 730 Homero

166 752 362 825 gravissimam.
402 749 473 804 Nam
493 755 524 802 ut
538 748 713 802 Aristarchus
732 766 749 803 a
768 749 891 819 pluribus
906 758 1029 805 veterum
1041 753 1139 819 partim

165 831 239 884 clare
259 829 356 897 partim
377 825 475 880 tectius
496 825 665 880 insimulatur
685 825 816 880 maximae
837 827 997 880 temeritatis
1012 827 1039 880 in
1055 829 1139 881 corri-

165 905 264 977 gendo,
285 905 313 957 in
333 900 461 957 tollendis
485 907 512 954 et
527 900 699 956 excerneudis
714 902 792 956 bonis
807 903 931 957 versibus
938 901 985 972 δ2),
1007 903 1045 956 ita
1060 921 1138 958 nemo

166 999 236 1035 unus
260 980 408 1050 reperitur,
436 977 483 1046 qui
507 978 596 1047 ipsum
620 983 711 1031 narret
735 979 839 1048 aliquid
866 979 970 1050 insigne
990 978 1139 1034 subiecisse

163 1062 272 1128 potitae,
294 1061 341 1110 aut
361 1071 378 1108 a
398 1070 426 1108 se
448 1054 613 1123 compositos
634 1070 728 1107 versus
749 1054 906 1114 inculcasse.
940 1054 1033 1125 Atque
1052 1055 1082 1108 id
1103 1057 1137 1110 ab

166 1134 215 1188 illo
235 1149 289 1187 non
311 1147 369 1186 esse
390 1131 505 1197 facturn,
532 1131 613 1184 etiam
634 1129 781 1184 verisimile
802 1136 844 1204 est
863 1137 976 1201 propter
997 1148 1043 1197 ee,
1069 1149 1138 1201 quae

165 1210 200 1264 de
221 1209 329 1280 ingenio
349 1207 407 1261 eius
428 1205 551 1274 diximus,
573 1211 638 1276 apto
657 1206 707 1260 illo
728 1207 837 1277 quidem
857 1214 885 1261 et
905 1207 969 1262 trito
987 1207 1139 1263 iudicandis

164 1284 340 1352 carminibus,
361 1282 435 1337 haud
455 1283 613 1337 scribendis.
651 1282 759 1352 Itaque,
780 1288 811 1337 ut
831 1284 920 1337 omnia
934 1301 1038 1338 summa
1050 1284 1138 1339 tribus

160 1515 183 1549 v.
201 1492 406 1564 Φιλομηλείδηςῑ
427 1495 475 1546 etsi
493 1494 556 1546 istae
574 1512 624 1545 uon
643 1494 675 1544 de
693 1494 773 1545 nihilo
792 1504 859 1546 sunt.
895 1494 1029 1564 Nusquam
1052 1496 1077 1546 iu
1100 1506 1138 1551 tot

160 1564 271 1616 Scholiis
291 1565 323 1614 ad
342 1564 447 1614 Iliadem
470 1571 496 1612 et
514 1561 672 1628 Odyssean,
695 1579 728 1613 ne
752 1564 831 1614 semel
855 1562 972 1628 quidem,
996 1566 1137 1617 auctoritas

160 1634 322 1698 Hymnorum
340 1633 452 1692 affertur,
466 1647 543 1697 quum
556 1632 611 1681 eius
623 1632 659 1680 rei
672 1633 772 1681 occasio
785 1639 858 1682 esset.
887 1633 967 1682 Immo
980 1650 1037 1684 cum
1050 1650 1136 1685 exem-

159 1701 210 1766 plis
229 1701 282 1750 τῶν
302 1699 446 1766 νεωτέρων
465 1716 486 1750 s.
504 1699 558 1747 τῶν
576 1698 640 1760 μεθ’
653 1693 775 1765 Ὅμηρον,
790 1704 925 1763 poetarum
939 1700 1047 1752 Homero
1055 1710 1137 1766 poste·

158 1767 269 1827 riorum,
292 1784 357 1835 quae
376 1768 515 1818 afferuntur
533 1767 649 1828 abillis,
670 1768 785 1817 convenit
803 1784 984 1835 nonnunquam
1001 1769 1078 1834 plane
1095 1771 1136 1823 hic

159 1853 220 1887 usus
240 1835 405 1902 Hymnorum.
442 1836 514 1897 Quae
529 1837 551 1885 si
577 1852 637 1887 vera
661 1845 733 1894 suut,
759 1835 832 1886 facile
854 1845 939 1902 potest
962 1837 1068 1900 coniici,
1092 1840 1136 1905 qui

158 1903 251 1955 fectum
269 1904 311 1964 sit,
329 1911 357 1954 ut
374 1903 436 1953 olim
454 1903 526 1953 nulla
539 1904 647 1954 celebris
657 1905 731 1953 fuerit
743 1903 858 1954 collectio
871 1903 1036 1971 Hymuorum‚
1050 1915 1136 1972 parata

161 1972 193 2022 ab
216 1970 316 2024 erudito
340 1971 515 2023 Grammatico.
551 1971 676 2023 Nimirum
700 1972 722 2022 si
745 1971 836 2022 fuisset
857 1973 929 2036 talis,
954 1982 998 2024 sut
1016 1975 1136 2039 equidem

162 2038 364 2090 Scholiasturmn
383 2040 591 2090 cousuetudinem
604 2042 700 2106 ignoro,
712 2048 757 2091 aut
768 2039 860 2090 alicubi
872 2039 965 2092 saltem
977 2041 1032 2092 eius
1044 2059 1135 2094 nomen

161 2115 278 2159 exstaret.
304 2106 380 2159 Nunc
399 2106 492 2172 Hymni
510 2108 542 2157 ab
554 2110 658 2174 optimis
671 2107 834 2173 scriptoribus
846 2109 1004 2174 antiquitatis
1017 2111 1135 2176 neglecti,

161 2183 261 2240 praeter
278 2175 433 2226 Pausaniam
450 2183 475 2225 et
493 2175 588 2227 similes
606 2177 775 2241 antiquarios,
800 2193 831 2226 ue
855 2176 1008 2227 desiderium
1033 2179 1134 2243 quidem

160 2251 274 2294 nostrum
293 2253 431 2305 moverent,
450 2243 500 2294 nisi
519 2260 575 2294 rara
592 2243 693 2295 fortuna
711 2244 809 2310 aliquot
826 2244 941 2295 codicum
958 2245 1027 2295 loliis
1045 2262 1134 2312 peper-

160 2312 245 2362 cisset.

232 2396 265 2460 ⁶²)
290 2395 357 2446 Vide
381 2414 411 2446 su
432 2436 437 2446 .
463 2413 500 2464 cp.
525 2396 615 2447 XLVI.
638 2414 694 2464 sqq.
721 2404 746 2448 et
769 2396 860 2448 Xth.
885 2415 922 2463 sq.
969 2399 1002 2447 At
1028 2398 1134 2449 lortasse

159 2463 275 2546 nonnulli
293 2465 369 2514 etiam
388 2414 571 2532 &daipertus
592 2465 719 2528 (lituram)
736 2466 897 2517 subiecerunt
916 2465 1038 2516 vocabulo
1057 2463 1131 2516 aar·

159 2531 1014 2668 {illittmlll,¹5:22lltt'lttltzitlttllt‘lttz2:3⁸
1031 2535 1132 2652 tlt:

157 2668 228 2719 modi
247 2676 344 2719 certum
363 2668 507 2734 exemplum
526 2669 629 2734 praebet
645 2669 762 2722 Eustath.
781 2670 812 2719 ad
831 2668 926 2735 Odyss.
951 2686 976 2736 p.
997 2669 1071 2724 1480.
1092 2672 1132 2724 19,

158 2735 250 2786 collato
268 2737 323 2786 loco
342 2735 477 2789 Athenaei.
513 2735 631 2787 Getarum
650 2737 783 2788 libidinem
803 2737 964 2801 corrigendi,
982 2753 1048 2803 quae
1072 2754 1132 2805 pro·

157 2803 212 2870 prie
230 2803 323 2854 dicitur
342 2803 368 2855 in
385 2804 469 2854 verbis
487 2813 513 2855 et
530 2805 663 2855 sententiis
682 2804 799 2870 siugulis,
819 2813 915 2856 veteres
940 2805 1068 2857 rarissime
1091 2822 1131 2856 re·

175 2871 317 2922 rehendunt
334 2871 359 2922 in
378 2871 531 2932 Aristarcho,
550 2874 598 2922 etsi
618 2889 667 2922 non
687 2889 743 2924 raro
760 2873 884 2924 recedunt
903 2889 918 2922 a
937 2874 1043 2924 decretis
1062 2875 1129 2925 eius.

156 2888 261 2990 drances
279 2939 342 2991 haec
359 2939 499 3004 singulares
518 2948 577 2991 sunt
594 2939 620 2990 iu
639 2940 750 2992 Scholiis
768 2942 820 2992 loci
837 2941 898 3000 duo,
917 2957 983 2991 unus
995 2941 1029 2991 ad
1042 2957 1058 2992 ι.
1072 2943 1132 2995 222.

158 3006 272 3058 altered
291 3008 394 3061 π.466.
430 3007 460 3057 Iu
484 3007 566 3074 priore
584 3007 734 3060 Aristarcho
758 3009 833 3060 etiam
858 3010 997 3061 reverentis
1019 3017 1131 3061 veterum

155 3075 333 3127 recessionum
357 3075 474 3126 tribuitur
496 3083 521 3126 et
544 3075 659 3144 περιττὴ
684 3073 831 3140 εὐλάβειαι
856 3077 883 3127 in
907 3076 1046 3144 posteriore
1068 3093 1132 3128 cou-

156 3143 250 3193 stantia
267 3143 450 3193 emendationis
469 3159 566 3204 eorum,
585 3160 651 3208 quae
669 3146 811 3211 praeceptis
830 3144 882 3195 suis
901 3144 1023 3196 cornaria
1046 3152 1132 3210 putas·

155 3217 202 3262 set.
238 3208 325 3269 Quum
344 3213 413 3262 enim
430 3210 466 3261 ibi
486 3212 585 3278 aliquid
602 3211 654 3262 tale
673 3213 715 3273 sit,
734 3221 863 3263 enarrator
881 3213 992 3272 coniicit,
1006 3213 1033 3260 iu
1044 3229 1130 3263 exem-

155 3278 221 3343 plari
239 3278 309 3329 illius
329 3278 405 3329 aliam
417 3281 567 3360 scripturam
579 3279 641 3330 olum
653 3279 745 3331 fuisse:
764 3278 801 3330 οὐ
817 3277 859 3346 γὰ
864 3296 884 3348 p
905 3277 943 3330 ἂν
957 3277 1041 3328 αὐτὸ
1055 3280 1130 3330 ἀπα-

154 3343 358 3414 ραμύθητον
378 3345 393 3396 ὁ
411 3343 636 3415 Ἀρισταρχος
653 3346 799 3414 ἀφῆκεν,
818 3363 870 3398 non
887 3347 1131 3413 relicturnafaiaset

155 3411 223 3464 illud
243 3413 299 3466 alne
322 3412 420 3464 medela
444 3421 490 3464 cat
507 3414 630 3476 fomento.
673 3418 784 3467 Doctum
814 3415 863 3466 hoc
891 3424 931 3467 est
953 3421 980 3466 et
1003 3424 1132 3468 vetustum

154 3479 287 3544 Scholion,
305 3482 352 3534 sed
370 3484 444 3534 cuius
464 3490 554 3533 auctor
570 3490 667 3535 textum
686 3483 828 3535 Aristarchi
846 3483 1020 3535 considerat

937 3601 977 3645 11*
