2702 4124
646 279 834 334 ...32-

258 451 332 506 beat.
378 451 433 507 Sed
456 454 547 508 locum
574 453 632 509 eius
651 454 731 510 nobis
751 455 891 512 Diodorus
919 458 1081 528 transmisit3
1105 457 1234 514 Herodo-

258 535 318 583 tum
336 527 426 598 ipsum
445 529 569 601 legimus.
608 531 756 587 Enimvero
777 532 822 587 hic
836 533 895 589 veri
915 535 1114 590 amentissimus
1128 535 1234 605 pariter

258 610 286 660 et
304 604 429 660 fictorum
450 606 564 678 cupidus
588 614 714 663 narrator
736 609 791 664 hoc
811 627 920 680 quoque
940 612 1001 666 loco
1027 618 1103 668 tenet
1125 629 1235 668 morem

259 697 353 750 auum,
387 700 470 753 quum
495 700 525 739 se
548 701 602 739 non
628 691 731 740 certam
757 691 785 741 et
809 687 893 758 vulgo
920 687 1051 744 creditam
1075 704 1150 758 rem,
1184 687 1235 744 sed

257 756 358 814 samam
389 759 524 829 quandam
554 761 606 816 sibi
630 762 776 832 probatam
805 764 903 820 afferre
935 763 1123 836 significatu).
1168 764 1236 821 Non
1339 830 1341 845 Ι

258 835 393 904 potuisset
412 837 499 908 magis
517 837 650 908 iugenue3
670 855 759 908 neque
779 856 829 909 par
850 840 972 911 putanda
985 848 1014 897 et
1033 842 1113 911 culpa
1127 859 1235 909 eorum,

259 911 306 980 qui
329 913 411 968 telem
437 929 573 969 rumorem
603 931 653 985 pro
681 922 756 970 certo
782 918 900 986 amplexi
927 925 1002 986 sunt,
1035 924 1119 988 utque
1145 919 1234 988 ipsius

259 987 398 1056 historici,
425 990 448 1044 si
468 989 542 1044 hunc
559 991 631 1046 forte
650 992 720 1046 ratio
741 992 852 1061 fefellit,
872 994 946 1064 quod
966 995 1006 1049 illi
1027 1003 1055 1050 ct
1074 995 1143 1049 alibi
1161 996 1235 1052 acci-

259 1063 307 1133 dit,
328 1071 356 1120 et
374 1067 403 1122 iu
421 1072 487 1122 nota
506 1069 641 1123 sententia
661 1068 695 1124 de
710 1069 834 1125 Homero
854 1077 883 1125 et
901 1070 1034 1140 Hesiodo,
1055 1072 1148 1142 primis
1169 1088 1235 1127 con·
1341 1081 1342 1104 ³

258 1140 392 1197 ditoribue
422 1141 586 1216 theogoniae
618 1143 740 1202 Graecae
748 1145 794 1216 17).
848 1146 946 1219 Itaque
980 1148 1040 1220 ipse
1071 1147 1233 1204 Herodotus

329 1358 360 1420 ¹⁰)
377 1357 409 1411 V.
426 1358 468 1415 58.
498 1354 528 1408 Ol
552 1351 673 1415 Φοίνικες
694 1355 719 1407 οἱ
742 1354 792 1408 σὺν
816 1351 918 1428 Κάδμῳ
941 1357 1096 1423 ἀπικόμενοι
1113 1387 1148 1400 -
1165 1357 1237 1411 dila

168 1481 173 1492 Ι
258 1442 290 1478 τε
307 1424 406 1487 πολλὰ,
427 1424 586 1495 οέκὴσαντες
603 1423 703 1494 ταύτην
720 1425 770 1494 τὴν
785 1425 895 1508 χώρην,
916 1425 1048 1496 ἐςήγογον
1078 1426 1237 1479 διδασκάλια

259 1494 292 1554 ἐς
312 1493 378 1553 τοὺς
389 1490 531 1562 Ἕλληνος,
554 1491 598 1544 καὶ
620 1492 653 1576 dp
676 1493 720 1546 rai
742 1510 905 1562 γραμματα,
935 1495 996 1547 οὐκ
1020 1494 1125 1548 ἐόντα
1148 1495 1235 1566 πρὶν

252 1558 818 1630 Ἕλλησι,ὡςέμοὶδοκεεινιι.τ.λ.
851 1564 1063 1617 Hxhisclarum
1082 1566 1235 1629 estHero·
1339 1548 1342 1626 ¹,

257 1633 345 1684 dotum
363 1632 502 1686 diiudicare
519 1631 586 1682 inter
602 1647 655 1693 eoa,
674 1631 718 1698 qui
735 1649 787 1683 rem
800 1631 895 1684 Cadmo
912 1633 1081 1700 antiquiorem
1098 1635 1237 1700 putabant.

257 1711 283 1754 et
299 1701 365 1752 iuter
381 1718 434 1763 eos,
452 1701 497 1767 qui
515 1701 548 1750 ab
565 1698 611 1750 illo
628 1699 756 1766 putabunt
772 1701 905 1753 invectam.
935 1700 987 1752 Sed
1004 1702 1032 1752 in
1050 1702 1157 1754 eandem
1169 1702 1237 1756 hano
1340 1729 1342 1766 ι

258 1771 419 1838 posteriorem
436 1767 581 1835 opinionem
594 1767 751 1819 Herodotum
768 1767 845 1819 trahit
858 1766 1009 1830 Larcherua,
1026 1770 1124 1837 aliquot
1134 1779 1237 1822 tuntum
1341 1809 1342 1828 r

257 1839 354 1891 litteras
373 1856 389 1890 a
406 1837 504 1890 Cadmo
521 1838 632 1888 invectas
649 1836 713 1887 tradi
732 1845 825 1902 putans
842 1847 947 1904 propter
957 1839 1096 1893 articulum
1108 1839 1235 1891 omissum

257 1915 315 1959 aute
331 1906 489 1975 γράμματα.
515 1904 590 1967 Quod
607 1922 623 1956 a
641 1905 838 1972 diligentissimo
857 1907 912 1957 viro
931 1905 1026 1957 dictum
1037 1906 1140 1958 uellem.
1165 1907 1235 1960 Nam

258 1976 372 2044 legitime
393 1979 445 2028 ieta
466 1982 505 2024 est
527 1973 631 2025 omissio
654 1975 682 2024 iu
705 1990 735 2024 eo
758 1989 853 2035 seusu,
877 1989 952 2040 quem
975 1978 1120 2041 sequimur3
1148 1975 1234 2039 illum,

259 2045 303 2111 qui
324 2043 450 2096 herchero
473 2042 569 2108 placet,
592 2042 695 2093 inferret
722 2042 824 2092 demum
852 2041 962 2093 edieotio
989 2043 1097 2096 articuli.
1138 2045 1235 2111 Taceo,

258 2122 378 2180 quantum
395 2110 539 2163 turbaretur
557 2109 654 2176 reliqua
671 2111 792 2171 namatio,
810 2110 832 2161 si
849 2111 875 2160 in
892 2126 923 2161 ea
935 2110 968 2161 de
978 2113 1067 2178 paucis
1080 2113 1235 2179 quibusdam
1341 2115 1342 2168 l

258 2180 349 2234 litteris
366 2187 491 2248 ageretur.
526 2176 649 2228 Herodoti
667 2179 817 2230 senteutiam
836 2179 927 2231 deiude
951 2179 1065 2246 plerique
1086 2181 1235 2247 probarunt.

259 2267 364 2317 quorum
382 2247 492 2300 rationes
510 2245 536 2296 in
554 2245 654 2298 occulto
671 2256 739 2306 sunt,
757 2249 860 2299 nomine
884 2255 911 2299 et
936 2247 994 2298 locu
1018 2249 1145 2300 cumulare
1168 2251 1236 2304 nibil

258 2321 356 2370 attinet.
391 2320 429 2368 Ac
446 2330 527 2381 paene
545 2331 631 2366 omnes
655 2317 801 2380 posterioris
825 2326 885 2367 sunt
907 2316 1011 2368 astutis:
1038 2333 1069 2368 ex
1093 2317 1235 2383 deperditis

259 2386 431 2454 superioribus
449 2383 472 2434 si
488 2399 566 2448 unum
583 2383 732 2434 haberemus
750 2384 847 2449 Ephori
864 2399 993 2435 excessum
1015 2385 1166 2438 historicum
1184 2388 1235 2440 hac

260 2456 292 2506 de
309 2472 336 2506 re
354 2455 455 2522 proprie
472 2451 601 2518 scriptum,
619 2451 692 2502 cuius
709 2451 861 2503 auctoritate
879 2455 906 2503 iu
918 2451 1014 2504 Cadmo
1029 2454 1143 2505 ornando
1155 2455 1237 2508 utitur

259 2523 378 2575 Clemens
396 2522 469 2572 Alex.
488 2519 581 2573 Strom.
603 2519 621 2570 Ι.
640 2537 665 2586 p.
683 2519 742 2575 306.
763 2519 795 2570 D.
812 2521 907 2582 Paris..
929 2520 1042 2572 fortasse
1065 2523 1139 2589 plura
1163 2539 1235 2576 oom-

259 2602 345 2643 menta
361 2588 434 2642 nobie
452 2588 589 2640 refellenda
607 2597 699 2639 esseut.
735 2587 854 2639 Ceterum
872 2588 940 2640 haud
958 2591 1011 2640 ecio
1027 2605 1060 2639 au
1072 2599 1166 2645 temere
1177 2608 1237 2645 cum

258 2659 386 2710 Herodoto
403 2655 587 2724 coniungantur
605 2656 624 2705 ii
642 2656 775 2722 scriptores
794 2657 837 2722 qui
845 2655 1010 2710 Phoenicium
1027 2659 1150 2726 originem
1161 2661 1237 2721 artie,

259 2744 310 2778 non
327 2731 483 2778 invectorem
501 2724 623 2776 Cadmum
640 2725 751 2776 madunt.
774 2723 842 2786 Huc,
861 2725 911 2776 nisi
926 2724 1009 2787 fallor,
1045 2729 1151 2779 attinuit
1163 2728 1236 2780 locus

261 2794 381 2861 Sophool.
403 2796 429 2844 in
448 2791 610 2852 Pastoribus,
651 2808 708 2842 uem
733 2795 816 2858 tangit
839 2792 949 2860 Hesyeh.
971 2811 994 2846 r.
1036 2793 1167 2854 οινικίοις.
1191 2798 1238 2863 qui

261 2879 318 2913 mox
330 2862 447 2997 ἰρὲλῑιέο
463 2860 550 2994 {rubeto
568 2810 650 2912 Aodod
665 2857 707 2910 καὶ
717 2854 811 2919 Ἴωνες
827 2858 860 2913 τὰ
876 2860 1027 2930 γράμματα
1044 2861 1096 2914 ἀπὸ
1114 2858 1237 2924 Φοίνικός

262 2947 334 2988 τινος
393 2946 411 2979 ο
432 2945 481 2982 ον.

331 3033 362 3099 ¹⁷)
375 3032 409 3094 11,
421 3034 462 3086 53.
473 3031 610 3101 Perperam
618 3034 654 3085 ibi
663 3033 770 3084 Weesel.
780 3034 863 3094 verba,
875 3029 957 3085 οὔτοί
963 3032 1015 3086 εἱσι
1031 3033 1057 3086 οἱ
1071 3034 1238 3104 ποιήσαντες
1340 3077 1341 3088 r

262 3098 405 3169 θεογονίην
417 3095 531 3169 Ἕλλησι,
549 3102 587 3152 sic
604 3105 704 3169 accipit,
722 3112 750 3153 ut
766 3101 806 3153 illi
818 3101 869 3154 duo
882 3104 957 3168 primi
969 3102 1081 3154 veretro
1092 3105 1237 3168 exposuisse

262 3169 433 3237 obebgoniam,
451 3186 502 3220 non
520 3169 662 3221 condidisse
674 3170 800 3220 dicontur.
814 3167 921 3237 [Probat
931 3169 1096 3240 Wesseliugii
1112 3175 1238 3225 rationem

261 3237 440 3305 Wytteubaoh.
458 3237 525 3288 Bibl.
544 3239 587 3290 Gr.
606 3257 630 3306 p.
649 3241 672 3293 (ν
691 3256 718 3305 p.
735 3238 768 3294 83
786 3239 835 3305 sq.]
872 3238 939 3290 Sane
957 3238 992 3290 ita
1008 3243 1111 3306 ponitur
1132 3241 1235 3302 ποιεῖνς

262 3307 308 3358 sed
326 3306 424 3358 dativus
441 3305 467 3358 iu
485 3305 532 3357 hac
557 3306 744 3372 significatione
765 3308 834 3358 verbi
858 3307 960 3358 additus
983 3307 1042 3359 luce
1064 3309 1237 3376 exemplorum

263 3374 368 3440 egebat,
391 3374 478 3441 qualia
501 3375 563 3425 mihi
585 3375 685 3441 quidem
708 3375 834 3441 incognita
858 3383 924 3426 sunt.
959 3374 1044 3426 litium
1061 3377 1237 3444 Athenagorae

263 3457 319 3492 cum
337 3442 413 3510 vulgo
431 3451 509 3494 sentit
525 3443 552 3494 iu
569 3443 645 3510 Apol.
664 3460 709 3510 pro
727 3443 786 3496 Chr.
804 3461 829 3511 p.
850 3444 922 3511 129„
946 3443 1047 3496 laudato
1071 3445 1115 3497 illo
1133 3444 1191 3498 loco
1209 3454 1236 3500 et

263 3509 289 3559 iu
307 3512 462 3564 sententiam
479 3527 550 3563 suam
568 3527 650 3564 verso.
