2694 4116
626 255 834 310 -152—

323 415 363 474 At
385 415 496 472 brevius
521 417 603 472 etiam
628 415 758 472 dicendus
778 415 857 470 nobis
877 412 1054 470 Aristarchus
1074 412 1217 486 interpres.

246 493 290 550 De
310 509 365 563 quo
386 498 476 550 tamen
495 499 526 548 ut
545 493 613 547 nihil
633 493 757 559 sciamus,
779 493 830 547 nisi
850 491 924 564 quod
944 490 1117 562 allegoricam
1133 493 1217 547 ratio·

245 587 308 625 nem
326 569 522 640 interpretandi
540 570 718 642 improbavit,
745 574 773 625 et
793 568 945 624 doctrinam
964 568 1077 624 Homeri
1097 570 1220 640 augusti·

247 646 340 700 oribus
360 645 459 702 linibus
478 648 601 716 inclusit,
628 646 661 701 de
685 647 770 717 ipsius
795 647 887 701 sobrio
915 645 1015 698 iudicio
1036 644 1106 700 bene
1129 645 1217 700 existi·

245 722 374 778 mendum
393 722 479 793 situ).
521 723 615 795 Atque
641 724 749 778 omnino
769 723 821 778 hac
840 721 942 793 ingenii
961 722 988 776 vi
1009 739 1070 776 eum
1091 722 1218 788 valuisse,

245 799 363 869 Indeque
383 800 477 868 etiam,
503 806 534 855 ut
552 801 597 869 fit,
623 801 758 871 quaedam
778 800 844 858 vitia
864 801 921 854 eius
942 799 1106 866 manavisse,
1128 800 1219 854 multis

246 877 410 947 argumentis
442 877 610 948 intelligitur.
660 877 731 933 Nam
760 884 789 934 et
817 875 1020 949 grammaticam
1052 875 1221 947 diligentiam

245 951 369 1021 ieiunius,
390 970 471 1023 qnam
490 970 600 1009 necesse
621 961 687 1022 erat,
709 955 851 1024 quaesivit,
877 961 904 1008 et
926 953 1086 1007 audaciores
1107 969 1221 1023 genero·

246 1029 387 1100 sioresque
406 1032 554 1086 sententias
575 1034 673 1102 politae
694 1031 816 1102 corrupit
835 1049 890 1085 non
910 1047 984 1098 raro,
1013 1045 1068 1101 quo
1090 1046 1139 1084 eas
1159 1046 1221 1100 pro-

245 1111 306 1181 pius
326 1107 361 1161 ad
381 1113 503 1162 naturam
526 1114 554 1162 et
573 1108 716 1165 veritatem
735 1109 885 1163 reduceret.
917 1107 1023 1162 Paucas
1037 1105 1151 1176 quidem
1164 1105 1222 1160 eius

246 1183 446 1243 emendationes
466 1190 494 1239 et
513 1183 683 1241 coniecturas
702 1186 730 1240 in
749 1185 870 1240 Homero
892 1190 920 1240 et
933 1183 1051 1246 Pindaro
1067 1190 1141 1236 certo
1157 1200 1221 1253 cog-

245 1265 383 1327 novimus3
409 1278 460 1316 nec
485 1266 574 1316 tamur
594 1263 621 1316 in
641 1261 694 1315 hoc
713 1279 823 1317 numero
839 1262 938 1316 desunt
951 1260 1100 1330 specimina
1116 1257 1220 1327 ψυχρο·

246 1336 348 1405 λογίας,
375 1336 402 1391 in
422 1338 596 1394 emendatore
615 1341 714 1409 potitae
734 1355 906 1410 nequaquam
924 1334 1107 1418 ferendae⁸⁶).
1147 1337 1222 1408 Quo·

246 1461 451 1476 -Q—11

245 1529 298 1577 ται,
318 1515 363 1565 νῦν
383 1515 414 1566 δὲ
431 1516 503 1584 πρὸς
520 1515 662 1583 πρόςωπόν
681 1514 795 1566 ἐστικαὶ
815 1514 860 1567 dai
873 1513 991 1582 γράφειν
1011 1513 1084 1582 ἑῆος.
1103 1514 1223 1584 ἠγνόηκε

246 1579 277 1631 δὲ
295 1582 345 1652 τῆν
357 1581 439 1641 λέξιν.
454 1581 512 1636 ἔστι
523 1583 558 1650 γὰ
590 1584 656 1653 ἑῆος
667 1583 783 1650 ἀγαθοῦ,
796 1583 839 1634 καὶ
851 1583 976 1650 δωτῆρες
986 1581 1066 1633 ἑάων.
1079 1585 1145 1649 (οοᾶ.
1155 1586 1221 1637 Vict.

246 1648 322 1717 ἑῆος,
341 1653 471 1706 sedidem
491 1603 646 1723 &oimscum
669 1651 747 1720 ἑῆος,
770 1653 884 1719 genitivo
904 1652 1019 1705 adiectiri
1042 1647 1099 1712 ἐΰς,
1124 1655 1223 1723 dequo

245 1727 330 1771 umen
348 1738 381 1772 ne
398 1738 465 1773 nunc
478 1723 580 1789 quidem
596 1721 658 1774 saris
676 1731 758 1772 certus
777 1737 833 1772 sum
851 1720 1000 1780 sententies,
1020 1725 1168 1787 praesertim
1187 1725 1224 1774 in·
1333 1743 1334 1768 ι

245 1794 330 1852 specto
340 1790 475 1855 Apollonio
486 1791 556 1843 Alex.
570 1810 595 1859 p.
607 1792 654 1846 157
666 1789 693 1856 [3
703 1805 769 1856 pera.
780 1787 858 1844 11142
869 1788 973 1854 tenet]
986 1817 1015 1825 -
1028 1789 1057 1839 ln
1071 1792 1147 1842 tortis
1157 1809 1221 1858 pers.

244 1853 311 1921 plur.
323 1855 370 1915 ἑός
378 1857 402 1910 1ο
420 1861 469 1909 itur
479 1861 558 1911 semel
567 1861 593 1911 in
602 1849 783 1926 Hesiod’Epr.
794 1859 845 1920 58„
855 1858 893 1911 bis
903 1859 930 1907 in
940 1855 1109 1922 Batrachum,
1121 1860 1223 1927 saepius

245 1939 285 1989 sp.
297 1877 494 1988 Alexandrinos,
513 1929 589 1978 etiam
609 1945 649 1994 ap.
668 1926 743 1978 Hom.
762 1927 837 1992 vulgo
856 1926 886 1978 ll.
905 1923 920 1975 l
942 1927 992 1985 16,
1005 1926 1050 1976 sed
1062 1928 1184 1993 squidem
1197 1929 1224 1979 id

245 1992 342 2043 mutevi
352 1996 509 2047 constantiae
521 2013 606 2049 causa.
625 1997 711 2063 Atque
721 1995 758 2047 ita
767 1995 839 2061 llpioi
849 1994 951 2060 quidem
960 1993 986 2043 id
996 2011 1136 2059 pronomen
1147 1998 1224 2050 etiarn

245 2060 273 2110 in
287 2061 299 2115 1
314 2063 368 2115 ct‘l
386 2081 452 2129 pars.
465 2065 530 2130 plur.
548 2073 685 2117 traxerunt.
714 2064 768 2115 lam
786 2080 843 2114 curn
861 2063 912 2114 illis
932 2078 982 2112 ras.
1001 2062 1031 2116 ll.
1050 2081 1072 2114 κ.
1084 2067 1144 2120 311.
1163 2068 1224 2121 398.

245 2134 272 2178 et
290 2128 382 2196 Odyss.
402 2148 427 2182 α.
450 2135 505 2188 111.
526 2133 584 2189 402.
609 2131 692 2185 confer
710 2131 829 2198 Apollon.
848 2132 896 2182 Rh.
916 2129 960 2193 IV,
987 2133 1060 2186 1321.
1087 2135 1172 2197 1353,
1197 2144 1225 2186 et

245 2204 372 2249 auctorem
391 2198 544 2260 Δολωνείας
561 2202 628 2253 haud
647 2203 712 2254 male
730 2199 842 2252 locutum
859 2201 970 2256 saulieu
990 2217 1073 2267 neque
1085 2202 1225 2270 relegando

245 2266 329 2316 omnic
353 2270 452 2335 putabis
475 2271 507 2322 ad
533 2271 699 2322 barbarismos
721 2277 747 2320 et
768 2266 944 2330 soloecismos,
968 2286 1033 2334 quae
1059 2270 1223 2322 Aristarchus

245 2341 435 2401 compunxerat.
471 2338 573 2391 Abusus
592 2356 651 2390 vcro
670 2339 801 2404 anologiac
819 2334 864 2388 ille
882 2337 907 2386 in
926 2338 1074 2405 possessivis
1094 2340 1223 2404 pronomi-

245 2403 318 2454 nibus
336 2412 407 2458 tanto
425 2408 522 2459 facilior
540 2411 600 2468 luit,
619 2409 642 2458 si
660 2425 689 2458 ea
712 2410 745 2460 ad
769 2407 903 2457 obscurem
926 2409 1053 2460 notionem
1077 2409 1128 2456 τοῦ
1152 2405 1222 2458 idion

245 2471 392 2538 referebant,
411 2475 449 2526 uti
467 2475 631 2528 Grammatioi
649 2477 754 2528 iaciunt.
789 2472 860 2530 Vide·
872 2474 955 2527 Treta.
973 2473 1006 2527 ad
1024 2474 1130 2526 Hesiod.
1144 2470 1221 2542 Ἐργ.

247 2540 304 2594 152.
340 2542 439 2595 canteri
458 2546 523 2596 Nor.
541 2546 619 2598 hectt.
639 2545 669 2605 V,
691 2547 729 2600 13.
749 2541 857 2594 Brunck.
882 2543 914 2594 ad
938 2543 1060 2610 Aeschyl.
1083 2543 1171 2596 Proin.
1195 2549 1221 2598 e.

245 2609 324 2660 Alteri
343 2612 426 2665 Praei.
444 2615 476 2665 ad
495 2614 586 2680 Odyss.
606 2631 631 2680 p.
650 2618 694 2669 41.
714 2631 769 2682 sqq.

315 2679 347 2744 ³⁴)
365 2680 422 2731 Hoc
440 2683 564 2748 posterius
588 2699 619 2734 ex
637 2681 719 2734 Strab.
741 2684 760 2734 l.
784 2699 808 2748 p.
833 2683 875 2736 31.
899 2684 1078 2749 similibusque
1100 2683 1219 2750 vestigiis

245 2745 346 2814 colligo.
374 2749 446 2810 Quae
464 2760 548 2802 autem
567 2752 593 2801 in
607 2749 702 2802 Scholl.
714 2748 747 2803 ad
760 2751 990 2818 interpretationem
1002 2761 1126 2816 spectant,
1139 2769 1221 2817 paene

245 2819 330 2866 omnia
347 2816 430 2868 minus
448 2822 532 2884 gravia
550 2827 616 2877 sunt.
629 2820 708 2870 multa
725 2821 788 2872 adeo
805 2819 832 2870 in
851 2819 969 2870 facilibus
982 2819 1075 2887 glossis
1089 2828 1220 2886 occupata.

244 2883 310 2934 Vide
327 2885 359 2935 ad
375 2883 404 2949 β.
424 2888 481 2941 271.
500 2887 557 2940 Cat.
575 2889 634 2942 316.
653 2888 721 2954 quod
739 2888 887 2955 saepissime
906 2889 1033 2955 repetitur.
1062 2885 1084 2940 d.
1103 2889 1162 2942 343.
1176 2889 1218 2952 (oi.

244 2951 367 3018 Apollon.
385 2953 457 3006 Alex.
476 2955 509 3006 11.
528 2974 551 3022 p.
573 2956 640 3021 166.)
671 2973 685 3006 ι.
705 2958 748 3012 90.
777 2973 800 3006 κ.
819 2957 877 3011 351.
907 2954 930 3008 l.
949 2958 1008 3012 631.
1027 2973 1082 3023 sqq.
1109 2973 1139 3016 μ.
1159 2956 1219 3012 158.

246 3037 268 3070 ν.
293 3019 336 3074 82.
360 3024 419 3078 564.
455 3021 479 3082 Ε·
502 3024 560 3079 316.
596 3041 622 3075 π.
646 3025 687 3079 59.
724 3041 748 3076 ο.
773 3027 832 3080 510.
868 3042 891 3076 ο.
915 3025 973 3080 351.
1015 3041 1044 3092 φ.
1071 3025 1131 3078 319.
1157 3025 1218 3079 344.

244 3087 273 3152 Φ.
293 3089 352 3143 365.
373 3092 432 3145 381.
452 3092 510 3147 638.
530 3093 588 3148 836.
607 3093 665 3147 810.
702 3111 733 3143 ιο.
751 3094 810 3148 315.
828 3093 888 3147 316.
907 3099 953 3144 etc.
983 3091 1137 3153 Aesthetica,
1151 3109 1218 3158 quae

243 3166 374 3221 vocentur,
394 3160 419 3210 in
438 3159 488 3211 illis
507 3163 594 3212 insunt
611 3178 744 3228 perpauca,
763 3171 791 3212 ut
810 3161 842 3211 ad
860 3177 886 3211 rc.
906 3164 963 3216 110.
987 3161 1042 3228 (uhi
1064 3160 1218 3211 dissentitis

244 3223 340 3287 Thus.)
360 3237 385 3278 et
399 3243 427 3297 χ.
447 3229 505 3283 468.
541 3229 578 3280 De
605 3228 740 3280 Aristarchi
764 3229 927 3294 explicatione
952 3229 1131 3280 vocabulorum
1156 3228 1219 3281 alibi

243 3309 276 3344 ex
294 3293 419 3347 industria
437 3298 562 3363 agendum
581 3298 637 3356 erit,
659 3297 772 3348 adhibito
789 3297 928 3364 Hesychio,
947 3296 1057 3364 Etymol.
1076 3296 1111 3347 ld.
1131 3305 1157 3348 et
1175 3312 1216 3348 oe·

243 3364 305 3412 teris
323 3365 531 3432 Lexicographia,
549 3369 593 3432 qui
610 3365 680 3416 illius
694 3365 892 3418 Commentarios
910 3365 1022 3416 studiose
1039 3365 1217 3431 compilarunt.

311 3429 344 3500 81)
361 3431 419 3484 Νοιι
437 3433 540 3498 quidem
558 3434 616 3501 plus
633 3441 671 3485 ter
688 3443 732 3486 aut
743 3441 834 3501 quater
846 3432 919 3484 illius
929 3435 1097 3486 correctiones
1108 3433 1218 3484 afferun-

242 3503 284 3549 tur
300 3499 343 3568 ite,
361 3508 390 3551 ut
407 3500 565 3553 coniectaret
583 3517 639 3554 esse
656 3501 755 3570 liquido
767 3509 873 3564 constet,
885 3519 909 3555 v.
923 3517 945 3554 c.
959 3501 992 3554 sd
1003 3500 1032 3556 6.
1045 3500 1104 3557 235.
1118 3495 1216 3552 Ἠττον
