2694 4116
501 330 694 384 ..93-

188 487 243 543 Sed
264 488 371 542 omnino
392 487 504 543 dubium
526 503 585 542 esse
605 486 731 556 arbitror,
751 505 816 542 num
836 487 889 557 ipsi
908 493 1016 543 veteres
1037 488 1085 543 uni

108 564 255 619 Pisistrato
275 565 419 620 tribuerint
438 563 577 634 negotium
597 563 674 631 illud,
695 580 738 629 an,
759 569 791 618 ut
810 581 891 635 saepe
910 563 1023 633 iaciunt,
1049 566 1085 620 ad

108 659 173 696 eum
199 647 336 696 auctorem
361 642 516 707 retulerint,
547 639 621 710 quod
646 640 756 694 hortatu
783 639 841 694 eius
868 646 896 695 et
921 643 1083 698 auctoritate

107 719 212 773 iactum
233 719 277 772 sit.
315 717 475 789 Hipparcho
496 717 614 787 quidem,
634 716 771 772 Pisistrati
790 717 847 770 filio
865 723 932 771 netu
945 719 1043 773 minori
1057 733 1085 774 et
1118 759 1119 766 ι

71 827 76 838 ·
108 795 207 850 inilia
227 794 343 848 Athenis
368 793 545 848 saluberrima
571 794 715 864 tyrannide
740 812 801 848 cum
821 795 904 848 tratre
924 797 1085 864 successori,

107 888 127 925 a
146 871 282 942 scriptore
298 871 398 941 dialogi
411 869 556 939 Platonici,
577 869 623 940 qni
637 886 735 924 nomen
748 871 821 924 illius
834 887 884 940 pro
899 870 978 925 titulo
992 872 1086 939 habet,

107 956 167 1002 tam
187 947 347 1017 magnificae
366 955 458 1018 partes
479 946 649 1016 assignantur
670 947 697 999 in
718 947 880 1002 celebrando
900 947 1037 1016 Homero,
1056 955 1088 1003 ut

109 1032 218 1095 patrem
237 1025 264 1078 in
285 1025 379 1091 labore
401 1023 548 1094 colligendi
569 1028 597 1076 et
618 1023 779 1092 disponendi
801 1024 844 1078 vel
864 1024 892 1076 in
905 1024 998 1093 primis
1012 1023 1087 1077 adiu·

109 1102 193 1169 visse,
213 1101 258 1154 vel
278 1101 421 1155 consilium
440 1107 583 1170 paternum
603 1106 749 1153 exsecutus
770 1117 844 1167 esse,
870 1106 953 1170 atque
979 1100 1008 1154 id
1028 1119 1089 1154 cum

108 1177 266 1231 amantibus
276 1178 426 1232 litterarum
441 1176 654 1231 communicasse
668 1176 754 1230 videri
765 1174 905 1246 possit15).
928 1176 1002 1231 Nem
1012 1176 1087 1247 quod

110 1255 135 1308 is
160 1254 331 1323 potissimum
352 1254 501 1308 Homerum
526 1270 598 1307 novo
625 1253 718 1307 ordine
747 1271 764 1306 a
789 1253 931 1324 rhapsodis
953 1253 1090 1308 decantari

110 1329 313 1385 Panathenaeie
340 1330 586 1400 quinquennalibus
613 1327 790 1402 iusseratll),
818 1330 846 1384 id
871 1347 925 1383 non
949 1331 1040 1399 potuit
1065 1329 1090 1382 ei

110 1407 182 1460 hanc
203 1407 303 1461 famam
323 1407 470 1474 conficere,
495 1413 526 1460 nt
545 1406 646 1476 primus
667 1407 805 1461 diceretur
824 1407 901 1460 illum
920 1406 1043 1460 intulisse
1062 1407 1090 1460 in

110 1482 244 1537 Atticam.
284 1483 341 1539 Iam
361 1484 389 1537 in
409 1484 551 1555 utriusque
572 1491 689 1538 aetatem
708 1484 803 1537 incidit
822 1483 1020 1553 pulcherrimus
1040 1482 1090 1537 flos

111 1561 206 1630 potiris
226 1560 329 1630 lyricae
349 1567 377 1614 et
397 1561 503 1615 ethicae
527 1578 589 1613 cum
607 1561 686 1614 novis
705 1561 878 1614 incrementis
893 1560 1049 1630 tragoediae
1063 1565 1091 1614 et

111 1801 181 1846 aunt.
216 1791 255 1844 De
272 1791 333 1858 ipsis
351 1789 430 1857 igitur
448 1791 592 1842 auctoribus
609 1791 670 1842 libri
687 1793 809 1843 usitatum
835 1800 872 1843 est
897 1793 1015 1854 verbum,
1039 1794 1092 1845 sire

112 1863 146 1915 de
164 1861 204 1923 iis,
223 1863 267 1928 qni
285 1860 372 1910 limam
390 1859 482 1911 alienia
499 1859 571 1910 libris
589 1860 753 1924 adhibebant,
771 1875 822 1911 non
840 1860 873 1910 de
885 1859 1091 1928 Griticis'poste·

113 1932 209 1982 riorum
227 1927 393 1980 saeculorum.

185 1996 217 2065 ¹⁶)
234 1996 317 2048 Notus
336 1995 406 2046 locus
426 2001 464 2046 est
482 2013 506 2062 p.
526 1997 584 2050 228.
609 1993 638 2046 B.
664 1996 695 2046 de
718 1994 887 2062 Hipparcho:
912 1993 945 2053 ὃς
968 1990 1035 2047 dila
1060 2015 1092 2049 τε

112 2063 199 2118 πολλὰ
217 2063 259 2116 καί
276 2062 343 2114 καλὰ
362 2060 431 2130 ἔργα
449 2061 549 2130 σοφίας
565 2059 738 2126 ἀπεδείξατο,
757 2061 801 2114 καὶ
825 2061 859 2113 τὰ
879 2061 994 2132 Ὁμήρου
1019 2067 1092 2184 πρῶ·

111 2153 163 2194 τος
181 2133 303 2196 ἐκόμισεν
322 2130 363 2189 εἰς
379 2132 429 2200 τὴν
441 2129 636 2270 &petantque
654 2129 698 2182 καὶ
716 2131 853 2250 ηνιίγνιοσε
868 2131 934 2190 τοὺς
935 2133 1027 2219 ραψῳ
1045 2132 1093 2192 οὺς
1123 2165 1129 2173 -

114 2199 317 2270 Παναθηναίοις
333 2197 367 2256 ἐξ
389 2199 440 2250 ὑπο
513 2217 551 2259 ως
572 2198 676 2268 ἐφεξῆς
699 2219 717 2251 α
735 2199 770 2252 τὰ
794 2201 903 2263 διϊέναι,
928 2217 1021 2268 αιςπερ
1046 2204 1092 2252 νῦν

114 2273 156 2325 ἔτι
174 2268 231 2323 οἵδε
249 2271 378 2322 ποιοῦσιν.
414 2271 443 2318 ln
462 2287 512 2337 quo
531 2271 665 2336 permirum
684 2280 733 2330 est,
750 2286 782 2321 ea
801 2273 859 2334 ipsa
876 2270 1028 2336 simpliciter
1046 2272 1093 2321 tri-

113 2346 159 2394 bui
182 2341 253 2404 filio,
277 2355 343 2405 ques
366 2338 397 2386 ab
421 2338 478 2388 aliis
502 2339 567 2404 patri
589 2339 736 2388 tribuuntur
759 2347 785 2389 et
810 2337 908 2387 Soloui.
941 2339 1095 2404 Quanquam

113 2412 177 2462 hacc
195 2406 366 2472 discrepantia
384 2406 465 2456 maior
483 2416 521 2457 est
539 2408 623 2472 speeie
641 2425 716 2472 quam
734 2424 771 2467 re,
785 2406 806 2456 si
818 2413 927 2455 nostram
941 2407 1095 2457 sententiam

115 2492 235 2545 sequere,
253 2475 303 2535 vel,
322 2491 387 2540 quae
405 2491 484 2540 prope
502 2475 591 2525 eadem
610 2482 655 2535 est,
668 2477 846 2525 Kusterianam
859 2491 884 2540 p.
901 2476 967 2535 101,
981 2482 1006 2525 et
1018 2474 1095 2525 simul

114 2549 221 2613 cogites,
239 2543 305 2594 illud
323 2543 375 2593 dici
393 2542 418 2592 in
436 2545 546 2608 scripto,
564 2543 631 2608 quod
650 2543 683 2592 ad
705 2543 808 2593 laudem
826 2542 967 2607 Hipparchi
991 2558 1094 2608 compo-

115 2617 192 2666 situm
210 2621 257 2663 est.
293 2611 411 2661 Ceterum
429 2611 496 2662 hunc
514 2610 644 2676 dialogum
662 2627 712 2661 nou
728 2614 867 2677 genuinum
893 2627 949 2660 csse
968 2610 1094 2672 Platonis,

115 2683 161 2734 sed
180 2682 214 2732 ab
232 2679 317 2730 Attico
336 2680 455 2744 scriptum
474 2680 546 2729 istius
565 2678 684 2739 familiae,
703 2696 770 2744 quae
788 2678 863 2728 etiam
883 2677 1031 2729 Oratoribus
1057 2687 1095 2730 tot

115 2747 292 2817 μελεπὴματα
309 2748 426 2808 subiecit,
445 2747 569 2797 dubitatio
587 2750 680 2797 veteris
693 2746 778 2798 Critiei
796 2746 864 2811 apud
877 2747 1011 2797 Aelianum
1023 2747 1093 2808 VIII,

116 2822 140 2874 2.
159 2821 237 2884 (conl.
260 2832 338 2882 supra
362 2831 418 2881 cap.
442 2813 523 2882 XIII.)
546 2823 570 2865 et
588 2814 752 2867 Valckenarii
775 2831 894 2866 assensus
917 2815 943 2864 in
966 2815 1094 2866 Herodoto

115 2885 229 2938 Wessel.
247 2901 271 2950 p.
290 2885 349 2939 398.
368 2885 429 2934 mihi
454 2883 531 2950 plane
553 2884 689 2949 persuasit.
726 2883 799 2945 Quae
823 2883 968 2933 coniectura
990 2883 1012 2933 si
1035 2884 1094 2933 viris

116 2956 273 3006 doctioribus
300 2951 464 3018 probabitur,
488 2951 638 3017 (eademque
664 2951 801 3017 aliquando
829 2959 855 3001 et
882 2950 945 3001 alios
972 2951 1095 3019 quosdam

114 3024 227 3074 minores
246 3020 363 3086 dialogos
380 3019 483 3070 Platoni
501 3021 599 3086 eripiet,
617 3028 643 3070 et
667 3021 699 3070 ad
717 3020 889 3070 Demodoeum
912 3028 938 3069 et
956 3018 1095 3086 Sisyphum

116 3089 241 3156 reiiciet,)
269 3105 343 3138 nemo
369 3087 515 3148 mirabitur,
548 3104 594 3139 cur
619 3088 794 3154 Hipparchum
819 3105 870 3138 non
899 3103 957 3138 oum
975 3088 1095 3148 :Meumio

117 3160 240 3210 maiorem
267 3167 328 3207 natu
358 3172 435 3221 quam
462 3156 584 3221 Hippiam
611 3157 806 3221 appellaverim,
833 3158 917 3206 victus
945 3156 1095 3222 gravissima

117 3230 273 3278 auctoritate
292 3225 448 3290 Thucydidis
466 3232 491 3275 et
509 3225 695 3291 quodammodo
713 3227 791 3275 etiam
809 3224 941 3274 Herodoti.

189 3296 221 3358 1ο)
239 3295 347 3361 Lycurg.
366 3298 392 3342 in
411 3294 496 3343 Leocr.
517 3311 541 3358 p.
567 3295 625 3348 209.
650 3291 736 3344 Reislr.
758 3289 835 3342 θθτω
860 3288 996 3354 ὑπέλαβον
1020 3288 1094 3350 ὑμῶν

119 3362 144 3412 οἱ
161 3363 284 3430 πατέρες
301 3361 446 3410 σπουδαῖον
467 3358 536 3412 εἶναι
554 3359 674 3429 ποιητήν,
698 3357 769 3418 dere
795 3359 872 3421 νόμον
898 3356 1011 3420 ἔθεντο,
1034 3357 1095 3408 καθ’

119 3429 237 3500 ἑκάστην
257 3427 454 3495 πενταετηρίδα
472 3431 526 3479 τῶν
548 3423 747 3496 Παναθηναίων
759 3425 843 3490 μόνου
857 3429 909 3478 τῶν
922 3422 1008 3476 ἄλλων
1021 3442 1094 3494 ποιη-

119 3501 175 3549 τῶν
193 3497 385 3568 ῥαψῳδεῖσθαι
403 3496 437 3548 τὰ
456 3495 514 3565 ἔπη,
531 3494 660 3554 ἐπίδειξιν
679 3495 828 3556 ποιούμενοι
846 3495 916 3563 πρὸς
933 3493 997 3553 τοὺς
1008 3489 1094 3562 Ἕλλη·

120 3583 178 3634 νας,
197 3565 436 3620 decedentium
454 3569 508 3616 τῶν
528 3564 617 3633 ἔργων
637 3567 819 3634 προῃροῦντο.
