2694 4116
640 311 852 368 -134-

262 471 493 542 interpunctione,
519 488 602 543 quum
628 469 663 524 ad
687 469 715 525 id
739 475 847 540 ternpus
872 470 979 526 inflexio
1008 477 1036 526 et
1055 487 1140 526 sonna
1161 473 1244 526 roais

260 549 335 603 nullo
356 565 407 602 nau
427 548 564 620 signorum
585 553 743 619 regeretur,
769 564 894 617 unusque
914 565 947 602 ac
966 554 1117 618 perpetuus
1140 547 1244 603 duetus

261 625 412 680 litterarum
432 625 576 680 lectionem
597 623 677 679 valde
697 622 840 694 impediret
848 623 893 694 ⁰²).
924 625 1012 695 Quam
1027 630 1140 694 propter
1153 642 1240 679 unam

261 717 319 757 rem
339 700 531 771 Aristophanis
555 717 653 756 nomen
679 704 811 770 perpetue
836 701 965 755 memoria
990 700 1101 772 dignum
1130 700 1241 756 haben-

263 777 327 832 dum
347 783 432 846 esset,
457 778 508 831 nisi
532 776 688 832 memoriam
707 776 801 830 talium
822 777 981 846 quotidiana
1000 777 1169 832 consuetudo
1193 795 1243 832 ex·

263 854 420 925 stingueret.
457 854 570 908 Praeter
589 854 658 908 haee
678 853 705 906 iu
724 853 825 907 multos
845 859 873 908 et
892 854 1067 924 gravissimos
1086 855 1243 924 scriptores

263 935 459 985 commentatus
480 936 530 996 est,
550 929 739 1000 recensuitque
760 945 793 983 ac
812 929 949 999 disposuit
968 945 1061 986 eorum
1089 946 1189 1000 opera,
1214 936 1248 984 ut

263 1006 387 1074 Hesiodi,
407 1006 512 1074 Alcaei,
533 1005 652 1072 Pindari,
673 1004 848 1075 Platonis98).
887 1005 1068 1076 Praecipuum
1095 1024 1161 1062 vcro
1180 1014 1242 1062 stn-

263 1083 337 1137 dium
357 1082 487 1153 impendit
506 1082 533 1136 in
547 1083 669 1136 scenicos
683 1085 789 1152 potins,
808 1082 923 1137 maxime
937 1084 964 1138 iu
979 1082 1118 1138 Oomicum
1134 1100 1243 1153 cogno-

263 1159 361 1213 minem
374 1176 461 1226 suum,
483 1175 571 1229 neque
586 1159 632 1226 sie,
655 1164 685 1213 nt
704 1159 731 1212 in
753 1159 876 1214 obscuris
897 1177 945 1214 seu
966 1159 1142 1230 elegantibus
1157 1176 1241 1214 voea-

264 1235 336 1290 bnlis
356 1235 493 1303 haereret,
519 1235 568 1290 sed
594 1240 626 1289 ut
649 1235 801 1290 universam
826 1235 881 1289 vim
908 1241 937 1290 et
960 1241 1045 1290 artem
1066 1243 1096 1289 et
1114 1241 1245 1306 tempora

264 1311 419 1368 fabularum
438 1317 586 1380 exponeret
593 1310 639 1382 ⁹⁴).

343 1388 491 1443 Homerum
518 1394 608 1443 autem
633 1388 770 1458 quomodo
791 1390 961 1457 tractaverit,
988 1393 1016 1443 et
1041 1405 1174 1458 quasnam
1198 1407 1244 1444 ra-

267 1465 357 1518 tiones
377 1464 435 1518 eius
455 1463 614 1520 emendandi
635 1465 671 1518 sit
683 1472 802 1534 secutus,
822 1481 910 1536 aeque
925 1467 1070 1522 obscurum
1085 1471 1135 1532 eet,
1158 1483 1244 1536 quarn

271 1545 329 1594 erat
347 1539 375 1594 in
395 1539 546 1596 Zenodcto.
585 1540 656 1596 Nam
678 1541 728 1596 etsi
748 1543 871 1596 recensio
885 1541 1088 1612 Aristophaneo
1108 1560 1179 1596 nunc
1191 1560 1244 1596 nu·

267 1632 317 1686 per
337 1616 402 1670 satis
422 1615 515 1670 multis
533 1616 696 1672 lectionibus
709 1616 879 1688 innotuit),
901 1619 1028 1689 quoniam
1041 1623 1132 1672 tamen
1147 1635 1245 1673 earum

335 1795 370 1860 ⁸²)
387 1794 454 1846 Vide
470 1795 569 1845 Posteri
587 1793 668 1861 Basay
686 1810 719 1845 cn
737 1795 832 1846 Accent
849 1793 900 1844 aud
919 1792 1045 1863 Quantity
1063 1811 1087 1861 p.
1107 1794 1166 1848 182.
1184 1811 1244 1862 sqq.
1341 1825 1342 1850 r

266 1871 293 1916 et
310 1879 363 1925 cos,
387 1880 450 1930 quos
472 1863 560 1914 laudat
579 1862 680 1914 Villois.
697 1864 731 1938 iu
755 1862 874 1929 Append.
900 1863 932 1913 ad
956 1861 1048 1928 ltpistt.
1071 1863 1170 1916 Vinarr.
1193 1881 1243 1914 aen

267 1935 352 1999 potins
370 1931 413 1982 diu
432 1931 598 1983 desideratum
618 1933 739 1996 seriptum
756 1929 858 1982 Arcadii
877 1931 1030 1982 Antiocheni
1046 1927 1112 1998 περὶ
1123 1935 1176 1998 τῆς
1186 1933 1242 1982 τῶν

267 1999 353 2052 τόνων
371 1997 513 2066 εὑρέσεως
528 2005 574 2049 ete.
593 1999 688 2050 ibidem
706 1999 737 2049 ab
753 1999 800 2048 illo
819 2000 897 2064 primo
922 1999 1028 2050 editum.
1063 2001 1101 2049 Ex
1126 2016 1156 2049 ea
1179 1999 1243 2050 doc·

266 2069 332 2120 trina
350 2068 528 2133 Aristophanis
546 2067 639 2132 passim
663 2066 760 2133 aliquid
782 2067 814 2117 de
836 2068 936 2118 ratione
959 2075 1110 2118 accentuum
1133 2067 1246 2118 afferunt

268 2135 438 2197 Grammatici,
457 2137 553 2202 primus
570 2137 684 2186 omnium
701 2135 820 2201 Apollon.
838 2135 912 2185 Alex.
928 2134 971 2187 IV,
990 2151 1015 2200 p.
1033 2135 1095 2189 304.

336 2221 371 2285 ⁰³)
388 2219 453 2270 Vide
472 2219 556 2272 Schol.
576 2219 608 2270 ad
626 2219 730 2270 Hesiod.
754 2217 782 2270 θ.
799 2220 839 2274 68.
859 2221 998 2286 Hephae-t.
1023 2220 1128 2274 Euchir.
1152 2239 1177 2286 p.
1200 2223 1249 2276 74.

267 2290 339 2358 Diog.
359 2287 442 2339 baert.
462 2287 508 2349 ill,
527 2289 568 2342 61.
589 2287 662 2338 Pind.
681 2288 767 2339 Vitam
785 2305 800 2338 a
819 2289 866 2339 rh.
886 2287 1010 2356 Magistro
1033 2289 1181 2350 collectam,
1199 2289 1245 2340 nhi

266 2359 390 2424 legimus,
404 2352 562 2423 Ἄριστον
580 2354 642 2417 μὲν
662 2353 679 2406 i
685 2353 729 2405 διν
735 2373 753 2423 ρ
771 2355 959 2426 προτετάχθαι
972 2353 1023 2406 ὑπὸ
1034 2352 1247 2423 Ἀριστοφάνους

268 2426 328 2476 τοῦ
352 2421 589 2482 συντάξαντος
612 2422 652 2474 τὰ
676 2419 884 2491 Πινδαρικά,
909 2421 952 2474 διὰ
975 2423 1008 2474 τὸ
1032 2423 1170 2493 περιέχειν
1195 2427 1246 2475 τοῦ

267 2493 374 2562 ἀγῶνος
396 2491 527 2560 ἐγκώμιον
545 2489 589 2542 zat
606 2489 641 2542 τὰ
659 2490 722 2559 περὶ
740 2494 789 2542 τοῦ
809 2489 938 2554 Πέλοπος,
958 2490 990 2550 ὃς
1001 2494 1113 2560 πρῶτος
1124 2488 1247 2543 ἐνἨλιδι

266 2559 428 2630 ἠγωνίσατο.
465 2560 578 2626 Similia,
600 2569 675 2627 puto,
698 2569 725 2612 et
747 2561 843 2612 maiora
866 2562 955 2612 horum
979 2560 1130 2611 Critieorum
1153 2561 1246 2612 merita

267 2632 389 2681 sciremus
412 2629 437 2679 iu
461 2630 581 2695 Lyricos,
605 2629 751 2695 praesertim
775 2631 802 2678 in
825 2631 929 2680 metrica
952 2628 1074 2687 doctrina,
1098 2628 1147 2679 uisi
1171 2630 1247 2679 ruina

268 2700 358 2764 ingens
376 2698 419 2748 hie
436 2701 533 2764 optima
551 2713 669 2763 quaeque
686 2713 762 2764 opera
779 2697 970 2762 absumpsisset

336 2781 370 2842 ⁰⁴)
388 2783 438 2833 Res
464 2793 569 2848 apparet
591 2799 621 2834 ex
640 2781 789 2834 Summariis
812 2783 851 2834 rel
870 2784 1001 2850 Argnmm.
1025 2783 1120 2848 aliquot
1140 2783 1245 2850 Sopho·

268 2850 321 2910 clia,
339 2849 476 2916 Euripidis,
494 2850 679 2916 Aristophanis,
693 2851 725 2901 ad
743 2868 807 2917 quos
826 2867 1005 2918 nonnunquam
1024 2853 1103 2902 etlam
1121 2851 1246 2903 laudatur

268 2921 294 2969 in
312 2917 430 2982 Scholiis,
448 2925 501 2969 tum
520 2935 553 2968 ex
570 2919 695 2971 Athenaei
719 2918 774 2970 loco
793 2919 836 2969 v1.
857 2937 881 2986 p.
900 2920 958 2974 241.
979 2917 1018 2978 ll,
1042 2919 1086 2970 ubi
1111 2917 1244 2981 Mathoni,

269 2987 338 3039 clarc
360 2993 415 3037 tum
436 2991 526 3053 potitae
548 2986 656 3047 comico,
681 3003 782 3054 operam
805 2987 907 3038 dedisse
929 2986 1037 3052 dieitur,
1065 2986 1096 3037 dc
1122 2989 1246 3052 partibus

268 3054 411 3108 comoediae
429 3054 602 3122 praecipienti.
632 3054 741 3121 ruitque
758 3056 936 3122 Aristophanis
954 3055 1032 3105 nostri
1044 3058 1163 3121 proprius
1176 3072 1244 3106 corn·

267 3124 407 3174 manierias
430 3123 462 3174 de
485 3122 575 3184 larris,
599 3123 688 3174 eodem
711 3131 775 3174 teste
797 3123 889 3175 Athen.
911 3122 980 3173 XlV.
1004 3141 1030 3190 p.
1055 3124 1113 3177 659.
1139 3121 1168 3176 B.
1206 3123 1244 3174 Gi.
1341 3133 1342 3158 l

269 3191 352 3244 Bentl.
370 3190 402 3242 da
421 3191 513 3257 llpistt.
533 3189 634 3243 Phalar.
653 3209 678 3258 p.
701 3193 742 3248 95.

337 3259 370 3324 π)
385 3254 423 3310 ‘H
435 3257 663 3327 Ἀριστοφάνειος
679 3257 834 3327 διόρθωσις,
853 3259 951 3380 Xaurd
962 3257 1154 3356 'fipnoropa'rpt
1178 3259 1244 3341 Earn

266 3336 404 3395 utrumque
422 3327 530 3380 Carmen
548 3328 704 3394 complexam
722 3344 786 3390 esse,
805 3345 836 3380 ox
878 3330 986 3382 thanaac
999 3329 1170 3380 etliustathro
1182 3337 1244 3378 satra

268 3397 438 3463 intelligitur.
476 3395 528 3446 Sed
556 3411 617 3446 cave
647 3407 733 3463 pnces,
756 3412 810 3448 eam
835 3399 959 3466 integram
982 3397 1080 3448 venisse
1104 3398 1131 3446 in
1153 3411 1245 3446 manus
1341 3377 1342 3418 l

268 3465 495 3516 Grammaticorum
517 3473 668 3518 nostrornm.
711 3465 734 3514 Ii
758 3467 826 3516 anim
851 3466 891 3518 hio
915 3481 1015 3533 quoqne
1038 3465 1063 3515 in
1092 3462 1246 3515 lectionibus
1341 3487 1342 3496 ι

266 3531 327 3583 inde
344 3532 469 3597 excerptis
488 3531 613 3582 vocabulo
630 3531 832 3600 perluuntur,
849 3533 912 3586 alibi
930 3541 1061 3587 auctorem
1085 3547 1161 3584 suum
1183 3549 1244 3598 pro-
