2694 4116
664 295 854 350 „80..

275 470 349 510 rasae
375 459 402 508 st
427 451 584 508 dissensisse
609 453 726 522 putarim
751 453 932 525 interpretes,
953 471 1082 525 quorum,
1110 453 1193 524 copiis
1222 453 1250 506 in

276 530 401 601 Odyssea
420 547 492 583 nuuc
512 530 669 599 saepissime
689 546 819 584 caremus.
854 531 1014 586 Eustetbius
1036 531 1155 601 quidem,
1170 530 1249 584 nimis

277 607 422 682 contractis
441 607 469 660 in
489 622 521 659 ea
541 605 657 661 Scholiis
677 624 751 674 usus,
773 603 936 665 δαιτυμόνας
953 623 1016 675 non,
1037 615 1068 662 ut
1087 607 1199 662 Homeri
1221 613 1249 661 et

276 682 394 737 omnium
414 683 574 752 scriptorum
595 683 762 737 consuetudo
782 684 879 752 poscit,
899 683 1033 753 scemeca,
1054 684 1103 738 sed
1123 683 1249 738 conmea-
1326 697 1327 712 ³

272 767 353 825 ,terea
375 755 438 815 τοὺς
459 756 509 825 τὴν
529 756 609 807 δαῖτα
626 756 821 818 ἑτοιμάζοντας
838 760 889 828 ⁹⁸),
916 759 1127 830 iuterpretatur,
1156 760 1252 829 (idque

276 836 334 890 fieri
353 853 463 891 necesse
478 842 526 901 est,
541 837 573 902 si,
589 836 662 905 quod
676 843 771 890 auctor
781 837 877 906 procul
888 836 970 890 dubio
982 837 1078 905 voluit,
1092 839 1251 906 proximum

278 909 303 960 ot
319 913 436 983 pertinet
456 912 489 966 ad
511 909 709 982 δαιτυμόναςς)
730 920 787 966 tum
808 909 940 980 ἀλόχους,
967 930 1021 967 non
1047 915 1135 967 minus
1164 913 1252 966 invito

277 1008 328 1044 usu
338 988 473 1058 loquendi,
488 979 609 1055 ancillas,
624 995 720 1058 utpote
734 979 900 1044 concubinas
914 1006 1074 1059 procorum:
1089 1005 1252 1059 omnemque

277 1068 369 1121 locum
393 1066 449 1119 sine
475 1066 530 1119 nlla
555 1065 734 1120 haesitatione
760 1066 794 1119 ad
826 1067 916 1120 aulam
942 1066 1048 1138 Ulyssis
1073 1066 1171 1132 refert,
1197 1083 1252 1119 non

278 1143 402 1197 Menelai.
448 1142 577 1212 Plerique
604 1149 699 1196 contra
723 1143 886 1196 recentiores
912 1142 1003 1212 Intpp.
1031 1159 1084 1197 non
1111 1143 1151 1196 ita
1170 1142 1253 1196 facile

278 1237 307 1272 se
328 1236 344 1273 a
363 1218 490 1273 Menelao
512 1220 610 1273 abduci
622 1219 771 1288 patiuntur.
804 1218 839 1272 In
853 1218 951 1289 quibus
968 1220 1113 1272 Bamesius
1124 1219 1251 1283 humane,

278 1302 308 1349 ut
328 1295 380 1364 ait,
410 1296 515 1365 lapsum
541 1295 678 1350 condonat
702 1295 864 1362 Eustathio,
889 1311 970 1364 quem
996 1295 1122 1365 equidem
1150 1296 1179 1348 in
1204 1312 1254 1349 sua
1327 1319 1328 1322 ¹

279 1388 362 1442 opera
382 1373 543 1442 compilandi
564 1389 597 1426 ne
617 1372 673 1427 labi
693 1372 803 1442 quidem
822 1372 872 1426 tali
899 1370 980 1425 modo
1008 1373 1129 1440 potuisse
1156 1372 1252 1439 credo,
1327 1387 1328 1390 ’

278 1449 336 1517 ipse
363 1465 428 1502 vero
456 1443 570 1515 ἀλόχους
593 1466 689 1502 eborea
719 1451 810 1502 nescio
842 1465 909 1517 quas
933 1448 1056 1516 filiorum
1081 1449 1204 1502 Menelai
1229 1455 1252 1501 et

279 1524 428 1576 amiseram
454 1525 567 1593 accipit,
595 1525 627 1578 de
652 1526 739 1579 altero
772 1525 908 1579 vocabulo
936 1531 1020 1578 tacet.
1064 1526 1199 1594 Daceria,
1226 1526 1253 1578 in

279 1607 394 1670 utroque
415 1601 588 1654 Eustathium
609 1619 740 1671 sequens,
768 1609 859 1656 tamen
885 1609 912 1655 et
940 1600 1000 1670 ipsa
1024 1601 1115 1656 adhuc
1135 1600 1253 1671 Spartae

280 1685 408 1731 moratur.
449 1676 492 1730 Ac
512 1678 603 1731 forsan
624 1678 674 1731 hos
696 1685 723 1731 et
742 1679 811 1733 alios
831 1678 922 1747 plures
948 1677 1014 1730 illud
1033 1678 1132 1742 movit,
1163 1695 1252 1748 neque

279 1753 337 1807 sine
358 1770 448 1821 carisa,
470 1754 544 1823 quod
564 1751 644 1809 θεῖος
665 1749 797 1815 βασιλεὺς
814 1754 841 1807 in
861 1754 914 1807 hoo
935 1760 1063 1808 contextu
1087 1754 1126 1808 ita
1152 1755 1253 1808 dictum

280 1830 398 1897 videtur,
419 1839 449 1884 ut
470 1831 565 1901 aliquis
585 1832 620 1886 ab
640 1832 741 1900 Ulysse
761 1831 918 1884 nominatim
938 1831 1076 1900 appellato
1104 1830 1253 1902 distingua-

255 1947 256 1964 t
279 1914 331 1961 tur.
379 1907 433 1961 Sed
461 1926 552 1962 rursus
576 1904 649 1972 μῆλα
666 1902 749 1972 ἄγειν
768 1908 795 1961 in
821 1908 977 1962 memoriam
1001 1914 1115 1961 revocat
1142 1925 1252 1977 procos,

280 1978 333 2031 αἰεὶ
355 1978 416 2048 μῆλ’
445 1980 524 2032 ἀδινὰ
547 1982 715 2052 σφάζοντας,
746 1984 884 2053 servisque
913 1985 958 2038 vel
987 1983 1108 2050 famulis,
1141 2001 1254 2040 coenam

280 2060 481 2129 apparentibus,
501 2061 553 2130 ipsi
566 2062 724 2126 μνηστῆρες
735 2074 759 2110 u.
776 2060 833 2110 625.
848 2061 917 2114 bene
931 2061 1015 2114 iuncti
1030 2061 1115 2114 videri
1130 2068 1253 2129 possunt.

280 2137 319 2188 At
339 2134 471 2204 quidquid
492 2137 588 2190 horum
609 2154 700 2190 verum
722 2144 771 2205 est,
793 2143 820 2191 et
840 2137 935 2191 ubiubi
955 2137 986 2190 fit
1007 2138 1131 2192 transitio
1155 2139 1190 2191 ad
1211 2155 1253 2192 res

278 2211 436 2281 Ithacesius,
452 2214 579 2282 perplexe
590 2213 637 2266 illa
649 2215 680 2266 fit
694 2220 721 2268 et
734 2214 923 2284 ingratissime,
939 2230 1028 2283 neque
1044 2213 1088 2266 hic
1102 2213 1253 2268 Homerum

279 2294 420 2341 canentem
440 2288 572 2358 audimus.
612 2291 709 2360 Itaque
730 2291 781 2344 nisi
802 2291 907 2357 aeirem,
930 2307 1010 2360 quam
1031 2290 1112 2343 facile
1134 2291 1162 2343 in
1177 2298 1253 2345 tanto
1328 2321 1329 2338 r

280 2380 361 2434 opere
387 2364 503 2419 minores
532 2367 694 2421 offensiones
720 2367 916 2420 obumbrantur
946 2367 1114 2437 magnarum
1134 2369 1254 2436 partium

278 2443 381 2506 nitore,
406 2442 517 2495 mirarer
542 2443 645 2496 nullum
670 2442 845 2510 criticorum,
877 2451 954 2497 vates
975 2443 1025 2496 hos
1050 2443 1085 2496 ad
1112 2445 1253 2514 vulgarem

278 2535 399 2571 normam
411 2519 617 2586 emendantium,
631 2519 720 2573 adhuc
732 2525 855 2574 exortum
866 2535 933 2583 esse,
945 2519 991 2589 qui
1002 2525 1119 2589 quatuor
1131 2520 1253 2574 molestis

278 2595 402 2648 versibus
424 2594 519 2648 deletis
540 2597 630 2649 locum
651 2598 765 2650 similem
785 2595 888 2648 iaceret
908 2597 950 2649 illi
969 2610 996 2659 ρ.
1018 2595 1083 2659 166,
1098 2613 1184 2665 seque
1199 2597 1252 2666 pri·

278 2670 329 2724 mia
355 2669 515 2740 politoribus
541 2672 638 2725 horum
665 2673 819 2726 carminum
845 2672 1012 2742 adiungeret.
1054 2672 1107 2742 Qui
1135 2673 1158 2725 si
1185 2671 1252 2726 illud

279 2746 343 2798 olim
363 2747 497 2815 fecissent,
519 2750 559 2802 uti
581 2765 627 2803 eos
647 2750 713 2804 alibi
733 2765 814 2818 saepe
838 2749 936 2802 secisse
962 2749 1089 2802 credibile
1119 2755 1179 2816 est,
1207 2748 1252 2803 vel

279 2822 359 2875 etiam
374 2840 400 2876 v.
416 2827 480 2879 625.
494 2825 599 2879 initium
612 2826 677 2880 novi
690 2825 752 2879 libri
765 2826 927 2894 posuissent,
944 2832 1018 2879 certo
1033 2825 1114 2878 credo
1131 2825 1252 2878 futurum

279 2898 370 2967 luisse,
392 2906 423 2952 ut
442 2902 577 2954 tantulum
596 2919 709 2956 acumen
728 2902 835 2971 ingenia
855 2903 974 2955 omnium
999 2908 1152 2970 temporum
1172 2902 1250 2955 delu-

279 2974 362 3028 deret.
395 2974 455 3029 Iam
475 2986 581 3046 praeter
601 2979 753 3048 opinionem
774 2995 817 3032 rea
831 2977 937 3032 cecidit.
971 2978 1041 3034 Nam
1055 2977 1106 3031 etsi
1120 2978 1248 3031 vetustis·

278 3051 345 3105 sima
365 3058 439 3106 aeras
460 3052 626 3108 Graecorum
646 3055 673 3108 iu
688 3055 831 3122 edolando,
851 3054 971 3110 ornando
988 3053 1175 3123 comendoque
1197 3053 1250 3107 hoc

278 3131 361 3198 poete
381 3144 458 3182 omne
479 3131 597 3186 studium
616 3131 768 3199 collocavit,
783 3130 892 3200 reliquit
907 3147 939 3185 ea
953 3137 1043 3186 tamen
1058 3129 1249 3200 Pylaemenem

346 3359 380 3427 ⁰⁸)
400 3361 436 3410 Et
452 3360 520 3411 hauc
545 3361 666 3410 rationem
690 3357 765 3425 vulgo
789 3357 850 3410 olim
874 3357 991 3408 traditam
1013 3364 1082 3424 puta
1117 3355 1156 3406 Ita
1177 3357 1246 3408 brev.

277 3425 365 3480 fichol
383 3426 410 3479 ol
428 3426 598 3494 ἑστιάτορες,
616 3427 726 3495 Hesych.
744 3428 769 3478 h.
788 3425 824 3494 gl.
844 3433 961 3490 extrema,
979 3425 1113 3494 μάγειροι,
1134 3425 1249 3476 similiter

278 3496 389 3563 Etymcl.
408 3496 443 3550 M.
461 3515 487 3564 p.
506 3497 566 3552 252.
