2694 4116
658 333 847 390 ..92-

270 514 329 550 rum
349 496 423 551 hand
444 496 526 552 dubie
540 497 619 566 plura
632 493 731 550 indicia
751 500 932 562 servaverant,
952 495 980 548 in
1001 511 1118 564 quorum
1137 494 1239 547 iactura

270 589 342 626 nunc
361 590 391 627 se
411 575 535 643 speciose
555 579 647 628 tuetur
659 572 779 641 vulgaris
794 572 893 641 opinio.
925 571 998 641 Quid
1018 587 1082 625 vero
1096 571 1166 624 illud
1181 568 1239 624 est?

275 647 347 704 Ante
368 666 464 704 munus
478 649 635 704 Villoisonii
654 666 722 702 unus
742 648 770 702 in
790 647 908 703 Scholiis
928 648 1085 715 eratlocus,
1110 647 1159 717 qui
1171 663 1239 700 men·

270 725 371 780 tionem
390 726 493 781 faceret
514 721 716 780 διασκευάσεως
733 724 871 779 cuiusdam
885 725 1044 795 antiquioris
1053 722 1241 779 Alexandrinis

272 802 341 854 illis:
361 819 417 856 rem
437 821 525 874 nemo,
547 802 621 872 qnod
642 801 733 869 sciam,
755 819 809 871 quo
830 802 956 868 referret,
983 802 1116 856 habebat:
1143 801 1242 854 iamet

269 879 343 931 illam
367 886 394 933 et
412 897 512 934 nomen
533 876 738 926 διασκευαστῶν
757 878 900 948 perspicue
919 878 998 932 nobis
1017 879 1143 933 Venetus
1157 876 1240 930 Scho-

270 954 363 1008 liastes
384 957 477 1010 attulit
496 957 601 1026 aliquot
621 957 697 1023 locis,
718 956 745 1010 in
766 955 863 1025 quibus
884 954 1000 1009 traditur
1019 953 1123 1024 aliquid
1145 969 1243 1023 suppo·
1325 959 1326 1020 ζ

271 1033 351 1084 situm
372 1049 431 1087 esse
444 1051 461 1086 a
475 1029 695 1092 διασκευασταῖς,
716 1034 789 1102 quod
805 1031 896 1085 critici
917 1030 1014 1085 deinde
1028 1038 1091 1085 vate
1103 1031 1244 1101 indignum
1325 1071 1326 1082 ,

271 1114 299 1161 et
318 1109 467 1162 tollendum
489 1108 698 1179 putaverintffl).
738 1109 781 1162 Ee
805 1126 848 1162 res
869 1124 951 1177 quum
972 1108 1087 1161 antehac
1107 1108 1170 1162 solo
1191 1107 1242 1160 istc

271 1185 432 1238 tenuissimo
452 1186 568 1256 vestigio
591 1186 765 1249 notassent,
787 1191 815 1240 et
834 1201 867 1239 ne
887 1202 958 1238 nunc
978 1184 1087 1253 quidem
1101 1184 1172 1238 ratio
1188 1181 1245 1238 eius

273 1277 387 1329 usquam
407 1271 534 1316 accurate
556 1263 720 1332 explicetur,
746 1261 857 1315 difficile
884 1267 924 1315 est
948 1261 981 1315 de
1003 1277 1036 1315 ea
1056 1260 1160 1330 aliquid
1181 1258 1245 1314 certi

273 1343 402 1390 statuere.
443 1337 574 1392 Attamen
601 1345 758 1408 comparata
783 1337 831 1390 illa
854 1338 953 1392 indicia
972 1336 1114 1391 manifesto
1136 1337 1245 1404 docent,

272 1409 470 1470 διασκευαστὰς
487 1433 540 1469 non
561 1417 669 1484 ignotos
689 1415 822 1484 quosdam
842 1421 966 1468 auctores
986 1413 1141 1468 criticorum
1156 1429 1246 1467 recen-

271 1489 376 1543 sionum
397 1491 540 1546 habendos
560 1509 629 1559 esse,
650 1492 684 1546 de
705 1492 802 1561 quibus
822 1491 876 1545 alia
896 1491 1032 1545 vocabula
1051 1491 1078 1543 in
1098 1507 1152 1543 usu
1173 1494 1243 1554 sunt,

271 1565 319 1618 sed
340 1574 480 1622 exactores
500 1585 549 1622 seu
569 1570 716 1638 politores,
745 1569 792 1638 qui
818 1568 863 1622 vel
882 1585 936 1621 una
956 1585 1017 1621 cum
1037 1566 1183 1621 Pisistrato
1204 1564 1245 1620 vel

271 1642 364 1710 paullo
385 1649 449 1712 post
469 1645 557 1699 eidem
571 1645 646 1715 operi
664 1663 773 1700 manum
794 1643 1014 1713 admoverintss).

270 1752 464 1763 -——-—.

340 1801 372 1871 ¹⁸)
390 1805 472 1857 Locus
491 1806 518 1854 in
536 1804 608 1855 brev.
626 1803 714 1855 Schol.
733 1813 772 1856 est
790 1804 823 1855 ad
842 1803 935 1871 Odyss.
953 1802 976 1854 tl.
994 1805 1063 1866 583,
1081 1805 1125 1870 qui
1144 1820 1245 1869 compa·

271 1878 340 1921 retus
364 1888 423 1924 cnm
447 1874 531 1925 Schol.
557 1873 622 1923 Van.
647 1874 680 1923 ad
704 1873 782 1924 catal.
808 1876 864 1928 104.
888 1880 913 1923 ot
934 1874 966 1923 ad
989 1875 1063 1926 Pind.
1089 1873 1130 1922 01.
1156 1871 1178 1933 I,
1206 1874 1245 1926 97.

271 1938 353 2002 docet,
363 1941 509 1992 Aristarcho
527 1941 562 1992 ibi
580 1942 667 2007 plures
685 1958 771 1992 versus
791 1943 821 1992 de
839 1942 1032 2006 interpolatione
1051 1940 1247 1991 διασκευαστοῦ

272 2017 401 2072 suspectos
424 2010 509 2062 fuisso.
552 2009 585 2059 Et
608 2010 629 2059 si
658 2010 720 2075 quid
743 2011 803 2061 fidei
830 2009 907 2061 habet
933 2020 995 2062 nota
1022 2009 1114 2063 codicis
1137 2009 1245 2060 Vindoh.

272 2074 420 2137 cxxxrtl,
440 2095 555 2142 maguam
574 2078 690 2128 lacunam
710 2079 733 2126 in
753 2079 923 2145 pulcherrima
935 2089 1007 2144 parte
1018 2081 1077 2130 libri
1090 2077 1154 2127 feeit
1166 2080 1246 2143 suspi-

272 2145 310 2193 cio
328 2144 407 2195 illius.
441 2145 496 2195 Hoc
515 2154 598 2196 autern
618 2147 751 2206 unoloco,
770 2150 876 2197 sirecte
895 2149 1010 2209 memini,
1029 2145 1148 2196 Eustath.
1174 2147 1246 2196 ahert

272 2223 326 2259 rem
351 2211 435 2272 illam,
461 2213 506 2262 sed
530 2215 635 2279 petitam
658 2231 689 2263 ex
712 2215 801 2265 eodem
824 2214 920 2276 Senot,
945 2225 971 2266 et
993 2220 1043 2275 sic,
1069 2223 1098 2265 ut
1121 2231 1179 2264 eam
1198 2230 1264 2274 non,

272 2277 364 2328 melius
383 2280 495 2331 videatur
513 2281 675 2342 intellexisse,
694 2299 770 2347 quarn
789 2283 922 2349 quisquam
941 2285 1071 2334 doctorum
1085 2291 1143 2332 ante
1155 2283 1246 2333 editio·

270 2363 328 2396 nem
351 2351 462 2398 muneris
484 2349 584 2400 Veneti.
628 2351 713 2412 Quare
736 2353 866 2401 mittamus
890 2353 953 2402 Mer.
978 2352 1173 2416 Gasauhonum,
1205 2349 1245 2416 qni

271 2414 373 2466 Scholio
391 2415 473 2467 lucem
491 2419 639 2468 offundebat
657 2435 687 2467 ex
705 2419 831 2470 Eustathii
849 2419 979 2471 rhetoricis
996 2420 1077 2478 notis,
1101 2419 1127 2468 in
1154 2421 1245 2486 quibus
1327 2411 1328 2452 i

270 2493 420 2535 memoratur
438 2487 529 2554 σχῆμα
548 2484 774 2540 διασκευαστικόν,
810 2487 865 2536 Iam
877 2505 936 2538 vero
949 2488 1007 2538 cont
1026 2487 1147 2538 Scholion
1160 2487 1245 2538 Vene-

271 2560 323 2601 tum
343 2549 365 2602 δ.
386 2555 443 2607 908.
464 2555 635 2615 (referendum
659 2556 691 2605 ad
714 2571 738 2621 γ.
756 2556 911 2620 396-418.)
935 2553 957 2612 ζ·
981 2559 1039 2611 441.
1063 2554 1090 2606 θ.
1115 2555 1168 2616 73.,
1192 2563 1245 2606 tum

270 2617 333 2670 illud
352 2638 376 2670 a.
395 2623 455 2676 356.
474 2623 541 2688 quod
561 2624 646 2688 paullo
664 2633 721 2674 ante
739 2624 861 2686 indicavi,
880 2639 903 2674 τ.
922 2625 980 2678 327.
1000 2633 1026 2675 et
1043 2627 1101 2678 400.
1121 2623 1245 2689 (referen-

271 2688 330 2737 dum
349 2689 382 2738 ad
400 2691 428 2742 θ.
451 2691 518 2755 185.)
537 2701 590 2740 tum
609 2708 632 2741 o.
651 2694 708 2747 269.
728 2701 753 2742 et
772 2709 801 2742 ω.
822 2692 878 2745 133.

342 2757 373 2822 ¹⁴)
393 2758 477 2823 Vulgo
495 2760 582 2824 ignota
600 2768 639 2810 est
657 2761 693 2810 ris
713 2760 783 2810 illius
808 2760 940 2821 vocabuli,
964 2760 995 2810 de
1019 2778 1068 2826 qna
1091 2761 1247 2826 quaerimus,

271 2839 354 2887 neque
372 2825 450 2874 allata
468 2825 624 2892 aStephano
643 2838 668 2878 et
681 2828 774 2878 Scotto.
805 2829 840 2892 At
858 2830 918 2878 satis
931 2846 986 2878 eam
998 2829 1128 2879 declarant
1142 2829 1248 2880 Scholia

271 2889 303 2969 etl
322 2908 399 2942 unam
417 2894 593 2960 Aristophanis
611 2895 732 2956 sahulem,
751 2897 837 2947 Nubes
856 2913 880 2946 v.
898 2897 956 2976 552.
975 2905 1001 2946 et
1017 2899 1085 2958 591..
1105 2907 1159 2947 turn
1172 2897 1246 2948 locus

270 2961 1097 3098 tttttlt?tritt?ttttttla‘tt‘ltstl„3¹¹lette
1111 2965 1247 3084 iliberi}

270 3112 326 3146 esse
343 3096 370 3146 in
394 3106 544 3162 potestatem
570 3102 638 3150 verbi
659 3099 905 3160 ἐπιδιασκευάζειν,
928 3109 956 3151 ut
978 3101 1004 3150 in
1029 3100 1142 3152 Scenicis
1167 3119 1246 3168 prope

269 3165 337 3214 idem
357 3173 424 3216 esset
442 3167 509 3232 quod
528 3166 715 3218 ἀναδιδάσκειν
734 3171 759 3220 h.
778 3186 801 3222 e.
819 3169 923 3233 repetito
946 3170 1097 3219 committere
1110 3169 1245 3232 fabulam,

269 3233 315 3282 secl
333 3232 461 3293 mutando,
482 3233 607 3297 addendo,
627 3237 785 3288 detrahendo
803 3236 968 3300 emendatam,
987 3237 1101 3301 reflotam
1117 3247 1244 3289 etseaua·

270 3299 311 3349 dis
329 3302 399 3352 caris
420 3303 583 3355 elaboratam.
620 3305 649 3354 Id
673 3306 739 3355 enim
762 3306 845 3356 facere
870 3306 987 3356 solebant
1009 3304 1049 3356 illi
1071 3312 1163 3370 poetae
1186 3323 1244 3357 eae·

269 3370 381 3433 pissime,
400 3388 458 3421 mox
476 3373 549 3422 etiam
569 3372 621 3433 alii,
640 3382 668 3423 ut
684 3374 837 3440 Apollonius
855 3373 937 3426 Rhod.
972 3373 1061 3440 Neque
1080 3375 1154 3425 aliter
1170 3375 1244 3426 Plato

269 3439 330 3489 fecit
352 3441 377 3490 in
402 3441 504 3505 optimis
530 3442 640 3506 dialogis
664 3443 729 3503 suis3
752 3459 829 3508 quem
852 3444 883 3492 ob
908 3458 1009 3492 causam
1034 3443 1167 3508 exquirere
1194 3460 1243 3493 non

270 3504 340 3567 licet,
365 3509 466 3574 quando
490 3511 598 3576 quisque
622 3511 776 3576 compositus
800 3511 843 3572 sit,
868 3527 946 3578 quum
970 3511 995 3559 in
1019 3511 1129 3562 scenicis
1151 3511 1242 3562 fabulis

270 3575 359 3625 saltem
381 3592 411 3626 ex
434 3577 579 3628 didascaliis
603 3577 753 3644 plerumque
776 3588 864 3630 notum
887 3581 920 3630 sit
942 3586 1057 3645 tempus,
1088 3596 1137 3643 quo
1161 3580 1242 3632 editus
