2694 4116
497 347 687 400 ,91-

103 506 240 576 dissipata
259 511 287 560 et
307 505 412 560 divulsa
431 505 581 561 restituisse
601 503 821 573 contenduntss).
855 505 924 574 Nos,
946 504 993 575 qui
1008 503 1076 558 scire

102 585 185 638 nobis
205 583 343 650 videmur,
370 581 416 652 qui
436 583 507 637 inter
524 582 646 636 fabulam
666 588 694 635 et
713 581 853 634 historiam
873 582 992 647 intersit,
1020 581 1077 634 illio

102 659 246 714 historiam
266 659 316 714 sub
336 659 432 712 fabula
451 659 613 713 occultatam
627 657 806 728 agnoscimus,
827 657 907 711 simili
927 658 1074 712 eruendam

101 737 207 805 modo,
230 752 285 806 quo
311 735 410 789 versati
436 743 498 790 eunt
522 736 572 788 viri
591 734 666 788 dooti
685 736 712 788 in
733 733 847 788 Iudaico
868 739 1020 788 commento
1042 735 1076 788 de

101 813 188 867 LXX
207 810 453 884 interpretihue12).

501 985 681 1067 XXXIV.

183 1148 289 1216 Quodsi
316 1165 349 1201 ex
369 1148 504 1202 sententia
524 1153 644 1201 ueterum
665 1163 743 1200 nemo
765 1151 828 1199 ante
848 1144 1023 1198 Pisistratum
1044 1142 1077 1196 de

101 1225 156 1279 hac
170 1224 403 1296 coagmentatione
417 1241 529 1294 operum
543 1224 753 1278 Homericorum
767 1223 837 1275 serio
852 1220 993 1290 cogitavit,
1015 1219 1075 1288 quis

101 1301 216 1368 credat,
243 1318 316 1367 eam,
344 1301 465 1370 quamvis
486 1301 641 1354 meditatam
661 1306 724 1356 ante
746 1307 773 1354 et
792 1299 966 1364 instructam,
987 1297 1078 1350 statim

101 1385 161 1432 tum
184 1376 307 1431 omnibus
327 1377 450 1446 partibus
469 1377 624 1433 absolutam
645 1376 795 1447 prodiisse,
822 1380 850 1429 et
874 1375 959 1428 talem
985 1373 1075 1443 plane,

101 1455 216 1524 qualem
236 1472 306 1507 nunc
326 1453 469 1507 videmus?
503 1453 618 1523 Oportet
637 1454 715 1507 illum
734 1453 800 1508 satis
819 1451 957 1517 habuisse,
978 1451 1002 1504 si
1020 1450 1077 1520 ple·

102 1547 208 1601 raeque
230 1529 391 1600 rhapsodias
412 1537 477 1600 epto
499 1530 586 1583 ordini
600 1531 785 1599 redderentur,
806 1528 932 1597 sepositis
946 1528 987 1594 iis,
1008 1542 1079 1596 quae

103 1607 194 1661 tenori
221 1607 316 1660 summi
342 1607 492 1677 argumenti
513 1606 667 1677 officerent,
695 1608 758 1662 licet
778 1606 879 1677 passim
898 1603 1001 1674 aliquid
1022 1603 1075 1656 dis·

102 1683 209 1739 uideret
229 1690 257 1737 et
276 1683 378 1748 hiaret,
405 1683 449 1737 vel
468 1683 567 1737 lacinia
585 1682 711 1738 haereret
732 1701 765 1738 ex
784 1684 872 1736 forma
891 1682 991 1750 priore.
1032 1679 1078 1733 Ad

104 1759 291 1831 quaerendum
310 1759 385 1812 illum
406 1765 527 1814 tenorem
546 1767 654 1830 praeter
673 1761 740 1815 alias
761 1776 856 1813 causae
876 1757 1016 1826 impellere
1029 1773 1077 1825 po-

104 1838 159 1892 tuit
185 1836 245 1906 ipss
273 1853 337 1888 cura
361 1837 503 1890 continuae
525 1837 691 1906 scriptionis,
715 1838 742 1889 in
768 1853 822 1904 qua
842 1833 960 1888 carmini
980 1833 1078 1902 cuique

106 1931 174 1968 suus
187 1913 264 1966 locus
278 1912 457 1982 assignandus
472 1920 544 1969 erat:
563 1931 657 1966 verum
678 1912 814 1982 perpolire
835 1919 864 1966 et
884 1912 962 1980 quasi
981 1910 1016 1965 ad
1029 1929 1077 1964 un-

104 2006 188 2061 guem
208 1990 380 2058 complanare
402 1989 499 2057 omnia,
521 1989 660 2059 operosius
681 1988 827 2042 videbatur
845 1989 975 2054 fortasse,
996 2003 1076 2058 quam

105 2073 136 2120 ut
161 2065 230 2119 illud
258 2066 345 2135 prima
365 2067 530 2135 experientia
550 2066 659 2134 assequi
677 2065 779 2120 liceret.
820 2065 874 2120 Sed
895 2083 943 2119 our
961 2065 1077 2118 maxime

104 2143 190 2196 nolim
210 2142 280 2196 hanc
301 2148 387 2196 artem
408 2143 453 2196 uni
472 2142 616 2197 Pisistrato
637 2142 770 2210 tribuere,
797 2142 851 2196 duo
872 2148 1031 2213 argumenta
1050 2142 1078 2194 in

104 2225 235 2290 promptu
248 2218 347 2285 habeo,
367 2218 463 2272 horum
483 2224 635 2288 temporum
655 2219 774 2273 tenebris
793 2226 903 2274 assueto
925 2219 999 2273 clara
1012 2219 1077 2271 satis

107 2303 136 2350 et
146 2295 298 2350 manifesta.
319 2294 440 2349 Primum
451 2294 571 2350 Graecos
586 2295 621 2348 ad
634 2301 752 2350 aetatem
761 2314 848 2366 neque
859 2296 1078 2350 Ptolemaeorum

104 2371 243 2426 constanti
264 2371 381 2441 quadam
401 2373 595 2426 constitutione
608 2378 698 2426 textus
711 2374 838 2440 caruisse,
860 2373 975 2426 vidimus
995 2388 1079 2440 supra

105 2449 139 2502 iis
158 2448 186 2501 in
206 2447 289 2514 lucie,
316 2449 362 2518 qui
378 2465 393 2502 a
406 2448 522 2503 Platone
537 2455 566 2503 et
578 2449 724 2518 aequaevis
737 2449 882 2503 laudantur
901 2467 934 2503 ex
947 2449 1079 2514 Homero,

105 2542 157 2580 nec
177 2531 267 2579 tamen
287 2524 369 2578 hodie
389 2525 460 2595 apud
482 2542 542 2580 eum
563 2533 727 2594 comparent.
760 2525 858 2596 Itaque
879 2543 912 2580 ex
925 2525 979 2578 hoc
992 2531 1078 2590 textu,

108 2618 190 2672 quem
210 2600 293 2655 hodie
313 2602 435 2656 manibus
455 2603 581 2670 terimus,
607 2618 685 2655 nemo
709 2604 860 2658 existimare
880 2608 985 2672 potest,
1012 2617 1079 2669 quo-

106 2678 190 2732 modo
210 2677 326 2746 primum
345 2679 462 2748 scriptus
482 2679 578 2747 fuerit;
597 2677 679 2732 immo
690 2720 698 2747 ,
718 2681 741 2733 si
761 2685 823 2749 poet
842 2679 1012 2732 Pisistratum
1033 2678 1080 2730 alii

102 2763 190 2824 atque
209 2754 256 2808 alii
276 2754 406 2823 rhapsodi
426 2754 460 2808 ad
480 2755 651 2809 scribendum
671 2755 870 2822 adhiberentur,
890 2771 1001 2810 necesse
1022 2761 1080 2808 erat

108 2832 225 2884 sormam
245 2831 303 2883 eius
323 2831 437 2885 subinde
458 2831 557 2886 variari
577 2837 604 2885 et
623 2832 735 2900 mutari,
760 2834 917 2902 priusquam
937 2834 965 2885 in
985 2848 1079 2886 manus

108 2906 245 2962 Zenodoti
266 2914 294 2960 et
314 2905 466 2962 Aristarchi
486 2909 600 2962 veniret.
639 2909 701 2978 Qus
724 2909 757 2963 de
778 2926 807 2963 re
827 2909 1012 2964 commentarii
1031 2907 1080 2961 ho·

177 3159 209 3224 ¹¹)
226 3157 308 3210 Plane
325 3157 374 3210 hoe
391 3155 494 3208 traditur
511 3173 563 3208 uno
580 3173 655 3222 paruo
674 3154 791 3214 Schelle,
809 3155 834 3207 in
853 3154 949 3206 Anecd.
968 3153 1012 3205 Gr.
1030 3153 1080 3204 ibi-

107 3229 165 3278 dem
191 3227 272 3278 sdito:
298 3221 415 3292 Λέγεται
436 3225 478 3276 ὅτι
501 3223 711 3293 συνερῤάφησαν
740 3221 791 3274 ὑπὸ
818 3219 1018 3289 Πεισιστράτου
1045 3219 1080 3270 τὰ

105 3293 222 3362 Ὀμ’ρου
245 3294 394 3382 ποιῇματα,
418 3291 462 3343 καὶ
484 3292 553 3343 κατὰ
577 3291 654 3351 τάξιν
674 3291 860 3359 severinianus
878 3289 913 3341 τὰ
931 3288 995 3358 πρὶν
1019 3305 1079 3339 σπο-

105 3363 199 3482 tta
218 3361 264 3481 3²
289 3359 722 3482 wiviiibibiiliw'
748 3358 792 3411 aa
823 3359 855 3410 τὸ
881 3358 930 3426 a
954 3356 1079 3425 omn

400 3450 407 3481 ι
585 3465 592 3479 .

178 3500 209 3565 ¹²)
227 3449 423 3552 liiiiutiisims
441 3447 553 3550 omniuin
571 3497 709 3550 Eiuhhorn.
726 3499 753 3548 iu
764 3497 865 3562 Repert.
878 3493 940 3546 bibl.
954 3503 979 3546 et
991 3493 1080 3547 orient.

107 3569 158 3621 litt.
177 3568 207 3620 Τ.
225 3569 245 3619 Ι.
263 3585 289 3635 p.
308 3569 367 3624 266.
384 3586 440 3636 sqq·
