2694 4116
502 335 711 395 -1ot-

120 495 180 552 Sed
201 512 249 553 eas
268 497 323 552 buc
343 516 361 553 a
379 513 422 553 me
441 499 536 569 reponi
553 514 632 554 nemo
651 499 801 568 mirabitur,
821 517 906 571 quum
924 499 996 555 idem
1015 498 1091 555 vide·

119 579 202 628 antur
221 574 319 630 fecisse
338 580 367 628 et
385 574 447 645 alii3
467 581 497 630 at
517 590 587 646 quae
606 592 699 631 earnm
717 576 788 632 ratio
808 583 837 632 et
856 577 975 632 conditio
995 576 1087 642 fuerit,

119 651 280 705 corriectura
304 651 390 722 magis
415 651 443 706 in
468 653 595 723 ambiguo
622 659 672 707 est.
715 653 786 707 Nam
811 659 974 708 vetustatem
998 670 1092 708 aarum

120 727 248 781 omuibus
259 729 286 781 in
296 729 372 796 locis,
385 729 432 782 ubi
447 735 699 798 commemorantur,
710 729 778 783 illud
792 729 858 784 satis
874 729 1001 796 ostendit,
1016 729 1091 800 quod

119 804 165 858 vel
179 812 386 876 praeponuntur
398 804 550 874 Zenodoto,
565 804 744 875 Aristophani
756 805 907 877 horumque
919 807 1090 876 aequalibus,

118 881 164 935 vel
185 887 261 935 certe
282 897 342 935 curu
362 881 404 936 bis
424 887 635 951 componuntur3
660 900 694 936 ne
721 882 755 936 de
782 883 841 937 aliis
867 883 973 937 iudiciis
993 881 1090 950 dicam,

118 974 190 1026 quaa
215 958 318 1027 passim
343 959 389 1012 vel
419 958 447 1011 in
481 957 677 1014 Graeculorum
698 959 936 1030 'negligentissima
967 958 1091 1012 oratione

119 1050 254 1105 agnoscas
275 1033 321 1105 θ’).
368 1034 446 1104 Quae
471 1036 561 1090 omniu
587 1036 768 1090 consideranti
794 1036 859 1090 milri
883 1034 991 1106 saepius
1015 1035 1091 1089 veuit

118 1110 145 1164 in
166 1116 293 1179 ruentem,
313 1117 344 1165 ut
363 1112 567 1166 recensiouibus
586 1111 628 1166 his
648 1114 750 1182 primos
775 1113 867 1167 statim
887 1111 1016 1182 criticos,
1043 1111 1090 1181 qui

119 1187 209 1241 verius
232 1189 414 1257 appellantur,
433 1205 499 1243 usos
519 1205 592 1257 esse,
617 1195 701 1260 atqua
728 1206 819 1244 earum
844 1188 1035 1244 auctoritatem
1062 1194 1091 1242 et

119 1264 229 1318 nomina
249 1264 276 1318 in
297 1264 471 1321 bibliothecis
490 1265 709 1321 Ptolemaeorum
734 1267 889 1336 quaerenda
915 1265 1088 1336 coniicercm.

188 1494 222 1564 ³⁰)
240 1497 306 1560 Quia
323 1513 379 1548 raro
397 1512 449 1547 una
472 1495 596 1562 quaedam
617 1496 707 1547 harum
730 1496 869 1548 editionum
893 1513 1007 1549 seorsum
1030 1495 1089 1546 lau·

119 1566 207 1628 datur,
226 1583 258 1617 ne
281 1567 388 1617 eundem
412 1565 494 1616 locum
518 1579 620 1614 necesse
643 1565 748 1615 babeam
771 1573 809 1616 ter
830 1573 857 1618 et
880 1575 971 1634 quater
995 1573 1090 1625 poure,

118 1650 206 1685 omues
224 1635 268 1684 hic
284 1637 312 1684 in
329 1651 405 1685 unam
423 1635 513 1685 seriem
532 1631 666 1685 muleram.
695 1632 823 1701 Pleraque
840 1635 943 1686 illorum
955 1634 1003 1713 soli
1016 1649 1090 1700 prae-

118 1718 353 1798 stantissimo—cod.
371 1719 402 1771 A.
426 1717 685 1802 ‹lehriLevolren-ti-
694 1720 836 1799 appar—chit:
859 1720 892 1771 ad
915 1735 941 1770 a.
964 1722 1007 1774 97.
1024 1720 1092 1800 22}-

117 1807 179 1862 332.
200 1805 259 1860 381.
277 1808 336 1862 ttt.
353 1804 411 1885 425·
429 1806 564 1884 5854598.
582 1803 611 1870 β.
630 1808 688 1862 258.
705 1820 731 1870 r.
754 1808 791 1860 10.
810 1806 851 1859 51.
868 1821 896 1866 μ.
915 1807 974 1860 281.
993 1821 1015 1856 ν.
1028 1806 1089 1860 363.

718 1875 838 1887 ——-
913 1878 948 1886 —.

116 1878 220 1972 sete
241 1891 299 1945 rra.
319 1907 343 1941 ο.
362 1894 404 1946 ss
423 1892 527 1968 2227.
545 1908 573 1959 p.
592 1881 650 1948 133.
670 1891 841 1972 sector.
864 1906 890 1954 τ,
913 1893 956 1945 se.
979 1891 1020 1945 re.
1047 1892 1091 1947 ee.

116 1977 313 2057 sopra-me.
333 1993 357 2027 υ.
376 1978 419 2032 or.
441 1977 575 2055 iss-eos.
594 1993 622 2044 φ.
643 1979 737 2058 nse.
755 1977 797 2031 ss.
818 1976 1089 2056 retemperet.

114 2078 141 2130 χ.
163 2063 205 2116 51.
224 2061 265 2116 93.
285 2060 314 2125 o.
334 2063 375 2116 rr.
394 2063 453 2118 roo.
472 2065 530 2118 ero.
548 2065 608 2122 ste,
627 2081 657 2115 ω.
675 2065 716 2118 30.
743 2065 800 2117 roa.
828 2065 884 2118 rer.
907 2063 965 2118 ser.
1001 2062 1090 2114 neero-

118 2130 201 2191 riboa,
227 2130 314 2180 adhuc
335 2147 409 2196 aegre
433 2131 576 2182 carentibus
601 2133 683 2183 indice
701 2131 859 2183 Scholiorom
882 2128 999 2194 illorum,
1023 2131 1090 2182 hano

119 2215 224 2262 operam
242 2206 354 2249 nostram
374 2201 398 2248 in
416 2199 521 2265 reliquis
543 2215 644 2267 quoque
667 2208 765 2267 gratam
789 2199 842 2250 fore
865 2216 1003 2265 speremus,
1041 2200 1091 2250 Hic

117 2282 179 2384 {tt
197 2266 600 2388 listlitstttslffittsttt
617 2269 709 2388 liti
723 2267 1089 2403 :itiittltittttt‘

115 2409 174 2452 tunt
193 2405 219 2452 in
237 2411 368 2467 utramque
386 2413 481 2468 partem
500 2405 635 2470 insignius,
654 2405 695 2456 rel
713 2375 780 2473 quod
799 2404 994 2470 disputationem
1008 2420 1088 2452 meam

117 2471 150 2520 de
168 2469 220 2519 illis
239 2468 421 2536 dwpdciueosv
441 2472 559 2522 illustret.
588 2471 617 2522 Iu
636 2473 733 2538 Lipsioo
753 2473 809 2525 ood.
827 2471 947 2523 hiouihil
961 2471 1089 2536 estquod

116 2537 292 2589 desideremus
310 2539 335 2588 in
355 2538 463 2601 Venetia,
482 2540 532 2591 nisi
549 2539 617 2606 quod
634 2541 659 2590 in
678 2541 722 2591 illo
739 2543 771 2592 ad
789 2557 812 2593 ε.
830 2542 888 2594 461.
907 2539 1002 2589 notatio
1020 2538 1089 2589 codi-

117 2606 156 2655 eis
175 2604 204 2654 Β.
224 2606 319 2673 legitur
336 2607 431 2658 auctior
448 2609 576 2660 mentione
594 2607 728 2675 Sinopicae
751 2618 778 2661 et
794 2609 904 2675 Cypriae
927 2618 951 2656 et
970 2606 1088 2657 Antima-

117 2675 207 2733 cheae.
225 2675 250 2725 in
270 2675 362 2740 quibua
380 2675 461 2726 tribus
479 2676 546 2727 editt.
571 2676 656 2727 Sobel.
678 2687 765 2728 namet
786 2680 865 2728 illisae
885 2669 1004 2728 ΤΙὨΙΑΣ
1025 2677 1041 2723 i.
1066 2691 1092 2726 e.

121 2735 228 2811 Τρῳάς,
247 2759 303 2793 cum
321 2743 373 2794 iota
390 2744 519 2811 adscripto
536 2761 581 2796 seu
599 2745 751 2811 subscripto,
769 2745 836 2810 quod
853 2753 936 2794 tamen
955 2744 980 2792 in
1003 2759 1089 2794 exem·

116 2811 161 2877 plo
182 2829 229 2862 suc
247 2827 298 2861 non
316 2812 445 2864 invenerat
461 2812 595 2864 Lesbonax
614 2810 677 2881 περὶ
694 2811 839 2882 σχημάτων
858 2813 897 2862 ed.
916 2811 1038 2863 Valckeu.
1063 2828 1088 2877 p.

118 2880 176 2934 183.
213 2879 304 2945 Neque
321 2897 382 2930 vero
400 2882 443 2931 hic
461 2880 596 2932 lseabonax
619 2882 700 2948 magia
722 2898 799 2947 quam
817 2881 967 2932 Eusthatius
990 2882 1016 2930 in
1039 2879 1088 2931 isto

116 2964 192 2999 versu
210 2949 274 2999 vidit
290 2948 418 3014 vulgatam
437 2949 522 3000 adhuc
539 2950 700 3015 scripturam,
725 2949 771 3001 aed
798 2966 867 3010 eam,
885 2951 926 2999 cui
949 2950 974 3000 in
999 2948 1087 2999 eodem

116 3015 190 3082 Lips.
209 3015 314 3067 Scholia
336 3033 401 3067 uuus
424 3026 546 3082 patronus
568 3019 672 3069 affertur
693 3017 856 3069 Ptolomaeus
878 3016 1088 3084 Ascalonitesri)

114 3085 211 3146 μέντοι
227 3083 302 3154 κοινὴ
320 3079 339 3156 ᾔ
351 3085 507 3137 συντίθεται
517 3084 562 3136 καὶ
573 3082 805 3154 ὁἈσκαλωνίι-ης,
821 3079 919 3153 Τρῶας
930 3085 974 3136 siro
984 3078 1088 3152 Κᾶρας.

116 3153 146 3204 lu
164 3164 235 3205 textu
252 3155 287 3205 ibi
305 3154 418 3222 syllabae
436 3154 566 3220 poiteriori
587 3147 687 3221 Τρώων
705 3156 736 3206 ab
755 3156 806 3204 alia
817 3170 892 3204 mauu
904 3163 989 3204 vetere
1000 3168 1089 3219 super·

116 3229 237 3288 seriptum
260 3229 299 3273 est
322 3221 363 3279 α’ς.
403 3223 525 3274 Redimus
549 3222 581 3274 ad
605 3224 703 3274 Veneta
726 3221 838 3273 Scholia.
881 3223 910 3271 lu
933 3223 1043 3288 quibus,
1066 3220 1089 3272 si

116 3291 173 3356 quis
191 3293 320 3355 reputeris,
339 3307 384 3356 per
401 3293 418 3346 8
435 3292 512 3342 libros
531 3307 563 3342 ue
580 3291 659 3341 unum
682 3289 785 3357 quidem
808 3290 943 3355 vestigium
966 3305 1089 3356 apparere

114 3359 296 3423 exemplarium
314 3359 424 3418 illorum,
443 3358 568 3426 intelligat
585 3359 717 3425 oportebit,
735 3358 761 3407 id
780 3358 847 3424 quod
871 3358 898 3407 in
919 3359 959 3408 his
983 3359 1088 3407 coniec-

114 3426 240 3477 turalibus
257 3428 446 3493 quaestiouibus
465 3431 548 3493 magni
566 3430 686 3479 momenti
705 3438 752 3486 est,
770 3444 846 3493 quam
863 3441 952 3492 parum
976 3428 1086 3491 integris

114 3495 210 3546 tabulis
227 3495 265 3545 nti
281 3495 355 3550 nobis
372 3495 511 3564 contigerit,
530 3511 611 3562 neque
628 3497 653 3547 iu
672 3495 712 3548 bis
729 3505 813 3546 tamen
831 3493 896 3545 nibil
920 3510 991 3555 assa,
1019 3493 1090 3544 nude

116 3563 282 3629 probabilitas
300 3563 358 3614 duci
377 3573 463 3630 queat.
