2694 4116
512 309 703 370 ...97-

115 473 220 545 quibus
241 474 337 530 ductas
356 492 391 532 ex
410 474 466 530 illis
478 475 546 529 locis
559 471 780 532 ratiocinationes
793 492 849 530 non
861 471 996 546 probabo,
1016 489 1095 544 prae·

114 551 213 606 sertim
234 562 396 622 postremam
417 553 502 620 hauc,
528 569 584 622 qua
601 551 724 619 artificii,
751 551 826 621 quod
846 558 990 622 tantopere
1008 551 1095 608 admi·

117 636 227 696 rantur,
254 631 370 698 gloriam
391 630 511 683 Homero
537 647 571 683 ex
598 636 675 698 parts
695 628 802 682 auferre
821 645 905 682 ausus
925 645 994 682 sum.
1034 628 1096 683 Hoc

116 705 244 758 nimirum
259 707 405 776 perpaucis
417 706 469 760 erit
482 705 620 770 credibile,
641 705 730 758 forsan
753 722 787 759 ne
800 713 858 760 tum
872 705 990 774 quidem,
1012 722 1095 775 quum

116 791 340 852 argumentorum
362 783 481 836 omnium
501 782 623 852 pondere
643 782 801 836 obruentur.
834 783 864 836 ln
886 782 928 834 his
942 782 1012 836 enim
1026 798 1096 852 opus

118 869 163 912 est
184 875 265 912 sensu
286 860 419 929 quodam,
440 877 520 929 quen
540 858 587 912 illa
607 876 660 912 non
680 858 805 914 afferunt.
846 859 913 912 Mihi
934 875 1017 925 vero,
1038 859 1096 914 sive

117 935 244 1003 ipsorum
258 935 426 990 Graecorum
446 937 504 990 sive
525 936 636 989 aliarum
657 937 777 1005 gentium
798 952 959 1006 progressus
979 934 1095 1005 intueor,

116 1011 190 1065 iliud
204 1013 311 1067 minime
324 1013 455 1070 credibile
470 1013 586 1078 videtur,
606 1011 681 1082 quod
701 1013 811 1067 credere
829 1011 1008 1080 assuevimus,
1028 1010 1098 1066 haee

118 1088 189 1144 talia
209 1089 263 1142 dno
285 1106 370 1160 opera
389 1090 467 1144 unius
486 1089 585 1159 ingenii
600 1097 710 1158 repente
725 1105 758 1142 ex
772 1089 893 1144 tenebris
906 1088 1097 1157 splendescere

116 1171 149 1218 et
169 1166 258 1221 nitore
278 1167 396 1235 partium
417 1173 445 1221 st
464 1167 555 1221 multis
567 1165 727 1236 magnisque
740 1165 888 1220 virtutihus
903 1181 1023 1220 summae
1036 1181 1097 1236 per·

118 1247 252 1312 petuee.‹

509 1417 693 1494 XXXVI.

201 1575 295 1629 Altera
325 1583 401 1630 oetas
426 1594 443 1631 a
467 1574 653 1630 Pisistratidis
678 1577 712 1631 ad
739 1578 906 1632 Zenodotion
930 1594 985 1631 non
1012 1575 1098 1632 multo

118 1653 185 1723 plus
206 1653 274 1707 lucis
296 1651 380 1707 hahet
399 1669 479 1722 quam
500 1653 548 1707 illa
567 1654 662 1723 prima.
694 1653 775 1723 Quod
795 1654 875 1708 nohis
895 1659 937 1708 est
958 1654 1037 1708 valde
1052 1654 1100 1708 do-

120 1729 242 1796 lendum,
264 1731 392 1799 quoniam
412 1731 440 1783 in
461 1746 494 1784 ea
510 1729 630 1799 origines
651 1729 822 1800 quaerendae
841 1737 906 1784 sunt
919 1731 1005 1785 omnis
1019 1732 1101 1786 iuter·

120 1807 294 1877 prelationis,
315 1823 385 1876 quse
405 1807 514 1877 quidem
535 1807 608 1877 apud
629 1815 735 1862 veteres
755 1810 782 1860 in
803 1825 853 1860 usu
874 1807 933 1860 fuit.
964 1807 1034 1861 Nam
1054 1825 1101 1862 an·

120 1891 235 1953 tequam
255 1900 317 1937 eam
339 1883 512 1936 refertissima
532 1883 629 1938 litteris
650 1894 724 1938 aetas
739 1884 841 1939 maiore
855 1889 988 1952 apparatu
1003 1901 1100 1954 aggre-

119 1959 259 2026 diebatur,
284 1959 453 2029 Philosophi,
474 1958 620 2030 Sophistae
640 1960 732 2015 etalii
753 1961 904 2014 liberaliter
924 1961 1022 2014 eruditi
1038 1978 1101 2030 spe·

120 2038 223 2090 cimina
243 2035 376 2088 dederant
395 2037 590 2106 interpretandi
607 2037 732 2106 Homeri;
753 2055 817 2090 mox
835 2036 954 2090 studium
971 2037 1101 2107 multipli-

122 2113 273 2168 candorum
294 2113 496 2182 exemplarium,
521 2114 709 2168 necessitatem
728 2113 842 2167 afferens
859 2114 1003 2174 ediversis
1017 2113 1102 2184 scrip-

120 2191 201 2257 turis,
223 2206 289 2259 quas
310 2189 440 2257 rhapsodi
459 2192 715 2259 suppeditaverant,
743 2191 860 2259 optimas
886 2208 1008 2262 quasque
1035 2190 1102 2246 deli·

121 2267 215 2338 gendi,
237 2267 308 2319 viam
329 2267 443 2319 munivit
462 2267 497 2320 ad
517 2269 711 2322 accuratiorem
732 2262 828 2332 κρίσιν.
868 2267 973 2322 Verum
1001 2267 1035 2321 de
1059 2267 1102 2322 his

122 2344 218 2414 paullo
238 2343 391 2397 distinctius
412 2344 574 2398 tradendum
596 2352 646 2401 est.

203 2417 247 2472 Ac
272 2421 359 2490 primo
389 2421 498 2490 quidem
521 2429 644 2491 tempore
669 2428 697 2476 et
721 2437 807 2492 paene
827 2421 862 2475 ad
883 2420 996 2475 Periclis
1015 2437 1102 2490 usque

123 2504 242 2552 aetatem
272 2497 389 2551 Graecia
421 2498 568 2550 Homerum
598 2505 626 2552 et
655 2507 763 2553 ceteros
787 2493 897 2552 ἀοιδοὺς
925 2514 988 2551 suos
1013 2496 1103 2551 adhue
1149 2523 1156 2528 ·

123 2575 265 2630 auditione
286 2575 473 2644 magis‘quam
493 2574 608 2629 lectione
621 2575 814 2644 cognoscebat.
848 2575 1000 2628 Paucorum
1021 2573 1103 2627 etism

122 2658 183 2706 tum
205 2659 264 2706 erat
285 2668 350 2707 cura
371 2650 523 2718 scribendi,
549 2653 629 2705 lectio
656 2669 773 2721 operosa
799 2659 827 2706 et
846 2650 978 2718 difficilis3
1009 2650 1103 2719 itaque

123 2729 272 2799 rhapsodis
293 2729 407 2782 inarime
429 2744 540 2797 operam
568 2728 683 2797 dabant,
711 2729 838 2798 captique
864 2728 932 2780 mira
959 2726 1103 2780 dulcedine

124 2816 224 2859 cantus
244 2805 280 2858 sb
300 2805 410 2857 illorum
430 2821 476 2858 ore
497 2805 661 2874 pendebant.
691 2805 724 2858 Iu
740 2804 893 2858 clarissimis
907 2803 987 2856 huius
1002 2803 1104 2857 saeculi

122 2882 272 2951 rhapsodis
295 2886 461 2935 memoratur
484 2882 556 2935 circa
579 2881 687 2951 Olymp,
717 2881 820 2934 LXIX.
845 2880 1012 2952 Cynaethus,
1037 2880 1104 2932 Piu-

125 2959 193 3014 daro
226 2959 361 3028 aequalis,
395 2957 441 3026 qui
471 2957 539 3011 Chio
572 2959 759 3029 commigravit
789 2958 953 3029 Syracusae,
989 2956 1038 3023 vel*
1065 2955 1104 3011 ibi

124 3037 242 3090 maxime
263 3043 349 3088 artem
369 3033 556 3105 factitante).
591 3035 684 3105 Atque
698 3036 776 3089 huius
791 3033 967 3104 professionis
981 3033 1105 3087 homiues

124 3131 212 3184 quum
233 3129 312 3165 omne
332 3119 439 3179 tempus
459 3121 646 3166 consumerent
665 3113 693 3165 in
713 3112 859 3165 ediscendo
880 3113 973 3180 poeta,
995 3109 1103 3164 eosdem

125 3189 308 3258 eius-primos
330 3190 490 3255 interpretes
510 3188 593 3242 fuisse
613 3194 703 3258 pules.
744 3188 797 3242 Sed
819 3189 892 3242 nullo
914 3186 942 3238 id
963 3185 1103 3240 confirma·

125 3275 171 3321 tur
186 3273 262 3319 certo
277 3263 432 3318 testimonio
447 3265 595 3334 scriptoris.
631 3265 712 3335 Quod
728 3266 799 3319 enim
813 3283 829 3318 a
841 3262 978 3319 nonnullis
991 3262 1105 3316 affertur

127 3342 267 3410 Platonis,
295 3341 363 3394 illud
388 3339 414 3392 in
440 3343 494 3396 isto
520 3348 648 3396 contextu
667 3343 702 3395 sd
725 3342 846 3412 quemvis
865 3346 988 3396 actorem
1008 3354 1105 3394 scenae

128 3489 334 3500 ——-.—-·

198 3539 230 3606 21)
250 3539 339 3590 Schol.
359 3539 434 3590 Piud.
455 3538 488 3589 ad
505 3536 579 3589 Nem.
598 3537 630 3591 Π.
649 3556 687 3605 pr.

124 3642 215 3694 Wolf,
229 3644 400 3692 Protagomena.
939 3618 953 3658 '¹
