2702 4124
508 263 622 365 ...¹59
661 335 697 348 .-

107 469 280 541 ccllegerunt
300 469 419 540 quidam,
439 474 574 524 versatam
594 484 653 523 esse
674 483 784 538 operam
803 483 897 522 eorum
917 467 945 520 in
958 466 1083 522 versibus

106 546 212 618 passim
231 546 406 616 excerpendis
433 553 462 600 et
488 545 705 600 consarcinandis
732 543 768 596 ad
793 543 904 598 modurn
924 543 1085 612 Centonem,

107 624 206 693 quales
232 641 264 680 ex
284 625 404 677 Homero
425 641 442 677 a
467 623 567 676 sanetis
595 621 689 676 animis
713 620 778 674 facti
808 626 930 688 exstant,
956 619 1088 674 ridiculae

105 700 229 770 ineptiae
249 703 277 755 in
297 716 400 754 summa
426 699 560 770 gravitate
585 715 684 752 rerum.
725 695 818 766 Atque
846 697 993 751 absurdum
1020 697 1088 751 illud

106 784 291 832 commentum
312 778 393 830 etiam
413 776 517 845 turpius
541 781 665 828 ornatum
689 781 731 829 est
759 775 793 826 ab
822 774 871 840 iis,
900 774 947 843 qui
975 773 1088 827 circula·

106 853 197 908 turios
217 862 341 908 cantores
362 853 403 906 sui
424 851 551 921 temporis
572 852 714 922 rhapsodis
735 851 835 905 similes
855 850 915 918 rati,
939 867 997 918 res,
1019 867 1087 919 quas

105 929 149 984 illi
171 931 325 998 cecinerint,
346 930 374 983 in
394 929 488 983 tabula
507 929 594 998 pietas
615 935 641 982 et
655 929 754 983 bacillo
776 927 976 982 demonstratas
1002 925 1087 996 finge·

106 1007 185 1062 bant.
226 1007 337 1062 Tertius
359 1023 434 1061 error
453 1005 582 1060 letissime
603 1012 693 1074 patet,
720 1004 856 1058 hocloco
881 1003 960 1057 nobis
985 1001 1012 1055 in
1032 1003 1086 1071 pri·

106 1084 161 1138 mis
181 1083 378 1154 coarguendus.
417 1082 487 1136 Nam
507 1081 581 1153 quod
601 1089 664 1139 ante
685 1083 811 1136 usitatam
838 1079 975 1135 scribendi
1001 1086 1088 1132 artem

107 1177 253 1214 commune
273 1165 331 1214 erat
352 1157 520 1214 carminibus
541 1159 681 1224 omnibus,
707 1159 846 1229 singulare
865 1157 987 1210 Homero
1013 1153 1087 1208 insti·

107 1242 200 1290 tutum
220 1237 351 1303 fecerunt,
373 1253 487 1304 eumque
507 1242 606 1302 vatem,
628 1253 707 1306 quem
728 1234 829 1305 ingenii
851 1233 893 1287 sui
915 1236 1088 1286 monumenta

107 1313 213 1382 scripto
234 1313 408 1383 consignasse
428 1329 482 1365 non
502 1311 673 1382 dubitabant,
695 1329 776 1366 unum
796 1310 841 1364 vel
862 1310 888 1363 in
909 1309 1004 1380 paucis
1023 1324 1088 1361 can-

107 1390 186 1443 titari
207 1396 235 1444 et
253 1391 408 1443 memoriter
428 1387 532 1458 vulgari
553 1389 662 1444 solitum
683 1393 820 1458 putarunt.
862 1386 913 1440 Cui
933 1385 1033 1440 rationi
1060 1389 1088 1438 et

106 1469 170 1536 ipsa
193 1483 236 1520 res
267 1472 295 1520 et
330 1472 450 1520 veterum
481 1467 627 1520 auctoritas
660 1483 772 1535 prorsus
806 1470 949 1533 repugnat.
990 1462 1087 1530 Neque

107 1543 181 1598 enim
211 1543 289 1597 unius
315 1542 442 1608 Homeri,
473 1542 522 1595 sed
552 1548 580 1604 et
604 1543 719 1596 Hesiodi
750 1549 777 1596 et
807 1541 924 1594 aliorum
952 1538 1086 1606 Carmina,

107 1635 244 1688 omneque
264 1619 371 1688 epicum
389 1636 489 1688 genus,
515 1636 578 1672 mox
602 1619 715 1689 lyricum
743 1633 852 1688 quoque
880 1625 907 1670 et
932 1616 1087 1682 iambicum,

108 1697 253 1765 complexe
273 1703 315 1750 est
334 1713 377 1748 ars
397 1694 646 1765 rhapsodorumffl),
667 1695 772 1765 fuitque
801 1694 846 1746 diu
866 1693 935 1748 haec
951 1694 1029 1747 unica
1043 1691 1087 1745 via

108 1771 220 1842 publice
241 1771 374 1841 prodendi
394 1771 503 1841 ingenii,
524 1779 554 1825 ut
574 1774 657 1826 etiam
671 1771 867 1840 Xenophanem
890 1773 1018 1838 poemate
1037 1784 1087 1820 sus

106 1849 198 1919 ipsum
217 1852 380 1923 ῥαψῳδῆσαι
399 1846 571 1918 legamusffl).
613 1850 644 1902 ln
665 1847 816 1904 Homericis
837 1853 943 1915 autem,
967 1846 1086 1899 omniurn

107 1925 345 1995 praestantissimis
366 1926 540 1995 plurimorum
554 1926 644 1979 studia
657 1925 785 1990 haesisse,
807 1929 834 1977 et
848 1923 926 1991 quasi
939 1921 1086 1990 familiam

108 2002 247 2072 quendam
266 2002 400 2056 exstitisse
420 2001 646 2068 Hoowridarem,
671 2017 740 2070 quae
761 1999 876 2069 primum
898 1999 970 2069 apud
991 1998 1085 2063 Chios,

109 2077 208 2133 deinde
233 2077 297 2131 alibi
322 2078 391 2133 hanc
417 2086 503 2132 artem
529 2075 724 2147 exerceret05),
753 2077 897 2129 multorum
925 2074 1086 2130 testimoniis

108 2154 292 2208 confirmatur.

179 2307 213 2372 ⁰³)
232 2307 296 2358 Vide
319 2306 386 2358 Plet.
405 2307 436 2357 de
460 2306 539 2373 [regg.
564 2306 596 2356 11.
618 2323 643 2372 p.
662 2306 720 2360 658.
747 2307 789 2368 D,
811 2305 837 2355 in
859 2304 922 2355 Ione
947 2323 972 2371 p.
990 2303 1041 2358 530
1057 2303 1087 2354 Β.

110 2375 207 2428 Athen.
227 2375 296 2426 XIV.
314 2393 340 2441 p.
360 2377 417 2429 620.
436 2373 464 2425 0.

179 2460 212 2524 ⁸⁴)
230 2461 277 2526 Ap.
295 2460 368 2526 Diog.
386 2459 471 2511 hsert.
488 2460 533 2521 IX,
554 2461 592 2514 18.
629 2461 711 2522 Quem
730 2461 815 2510 locum
833 2460 938 2510 Rossius
957 2475 1042 2525 nuper
1059 2459 1086 2509 in

109 2527 261 2579 comentatt.
286 2529 369 2580 Laert.
395 2546 444 2578 non
468 2529 560 2580 melius
587 2529 685 2595 accepit
708 2545 782 2594 quam
802 2529 951 2579 Fouerlinus
970 2531 997 2578 in
1016 2527 1083 2579 Dies.

110 2596 143 2648 de
160 2597 322 2662 Xenophane
340 2615 364 2662 p.
383 2599 424 2651 21.

178 2682 210 2748 ω)
229 2682 360 2733 Familiam
379 2683 433 2733 dico
452 2700 482 2732 sa
499 2682 696 2748 significatione,
721 2700 769 2748 qua
787 2682 898 2733 familiae
922 2682 1086 2748 appellantur

109 2759 194 2802 sectae
212 2752 251 2801 vel
270 2751 371 2802 scholae
389 2752 606 2817 philosophorum.
625 2768 674 2800 non
692 2759 811 2817 tanquam
829 2753 933 2816 stirpem
951 2761 976 2801 et
996 2768 1085 2816 proge-

108 2820 176 2869 niem
194 2818 306 2870 Homeri.
344 2819 418 2869 Hanc
436 2821 671 2884 interpretationem
689 2819 870 2885 relinquamus
885 2819 990 2870 vanitati
1007 2818 1084 2869 Chio-

109 2904 164 2938 rum
184 2905 225 2952 ap.
245 2887 329 2938 Strab.
348 2887 417 2937 XIV.
436 2906 459 2954 p.
480 2889 545 2948 645.
564 2905 579 2936 a
597 2903 647 2952 qua
664 2889 770 2938 fortasse
794 2888 844 2954 ipsi
861 2887 1013 2938 Homeridae
1037 2888 1084 2937 ab·
1143 2889 1145 2894 ’

110 2954 220 3007 fuerunt.
257 2955 306 3017 Qui
325 2955 347 3004 si
365 2957 423 3006 v'ere
441 2973 520 3021 genus
539 2972 622 3014 suurn,
641 2973 692 3006 non
718 2964 805 3016 artem,
824 2956 955 3006 duxissent
979 2957 1010 3008 ab
1029 2955 1086 3005 Hc-

110 3040 190 3083 mero,
209 3023 295 3090 paullo
313 3023 420 3073 certiora
438 3024 469 3074 de
488 3024 615 3074 natalibus
639 3032 664 3074 et
681 3027 733 3074 vita
756 3024 810 3074 eius
834 3025 930 3074 tradere
954 3024 1086 3075 debebant.

109 3090 200 3157 Neque
219 3109 279 3142 vero
296 3099 469 3157 argumentum
488 3101 526 3142 est
544 3092 570 3141 in
588 3092 650 3142 locis
670 3091 786 3152 Pindari,
810 3092 926 3144 Acusilai
951 3101 976 3142 et
992 3088 1083 3142 Hella·

109 3160 160 3210 nici
180 3158 232 3226 (sp.
252 3159 373 3225 Harpocr.
392 3177 413 3208 r.
430 3155 587 3228 Ὁμηρίδαι),
604 3161 672 3226 quod
691 3161 821 3225 vulgarem
834 3161 906 3211 illem
919 3159 1009 3210 lamam
1022 3174 1083 3210 con·

111 3227 207 3288 firmet3
233 3228 313 3277 multo
338 3228 421 3278 minns
445 3228 471 3277 in
494 3235 541 3278 usu
566 3229 673 3278 nominis
691 3228 759 3293 apud
777 3227 921 3292 Platonem,
945 3228 1085 3278 Isocratem

110 3295 227 3361 aliosque
250 3299 392 3361 scriptores.
433 3295 559 3346 Exstineta
582 3297 648 3346 enim
671 3296 766 3346 celebri
795 3297 905 3359 familia,
933 3296 1084 3346 translatum

112 3372 151 3414 est
169 3381 261 3413 nornen
282 3363 314 3413 ad
333 3365 434 3430 quosvis
452 3363 557 3414 Homeri
575 3373 697 3424 cantores,
716 3364 875 3430 interpretes,
894 3365 1029 3426 studiosos,
1046 3363 1084 3412 uti

112 3447 152 3496 ap.
175 3431 279 3482 Aeliae.
300 3430 358 3483 Nat.
383 3432 467 3485 Anim.
491 3432 561 3492 XIV,
580 3433 622 3487 25.
640 3439 703 3482 extr.
746 3431 862 3484 Ceterum
888 3449 963 3498 quam
986 3439 1084 3482 mature

112 3499 175 3550 haec
196 3517 238 3550 res
261 3507 314 3550 tota
335 3500 469 3550 obscurata
492 3502 539 3562 sit,
565 3512 678 3552 veterum
707 3499 932 3552 Grammaticorum
955 3501 1084 3551 dissensus

112 3567 223 3619 ostendit
241 3584 283 3636 ap.
301 3567 424 3633 Harpocr.
443 3568 514 3622 Suid
533 3578 559 3620 et
577 3568 663 3621 Scbcl.
682 3568 755 3618 Pind.
774 3567 807 3622 ll.
827 3586 862 3620 cc.
