2702 4124
648 251 836 308 „74-

257 432 371 487 quorum
390 431 424 469 ne
443 420 569 468 auctores
589 413 698 484 quidem
712 413 792 468 nobis
806 414 872 469 satis
885 414 943 468 noti
956 415 1070 484 sunt⁸⁸).
1101 414 1155 469 Sed
1168 416 1222 469 nul·

256 495 309 546 lius
330 509 404 544 error
423 497 480 546 tam
498 491 594 562 longus
618 497 728 559 tamque
749 490 887 544 disiunctis
907 491 934 544 in
955 491 1022 546 locis
1042 493 1132 547 iuerat
1146 509 1223 562 quam

256 567 372 638 Ulyssis,
394 567 493 622 nullius
513 575 569 622 tam
588 567 725 622 mirabiles
746 574 820 622 terra
838 568 960 637 marique
974 586 1053 622 casus
1069 575 1096 622 et
1109 569 1225 623 ludibria

255 645 381 698 fortunae
400 644 472 699 fama
492 644 695 716 divulgaverat,
721 650 752 697 ut
776 645 835 698 iure
859 645 941 698 liceat
960 647 1101 714 suspicari,
1123 651 1224 701 tantam

257 721 362 790 copiam
375 720 455 775 huius
468 722 574 791 generis
589 720 743 776 carminum
757 721 790 774 de
803 721 859 775 alio
872 721 948 775 nullo
963 723 1134 790 suppetiisse.
1168 721 1226 777 Iam

257 796 347 851 ethic
369 805 396 851 et
416 798 443 850 in
464 798 549 852 Iliade
570 815 601 852 eo
622 797 679 851 fere
700 797 786 850 omnis
806 797 877 850 redit
897 797 1048 866 dubitatio,
1076 817 1126 866 an,
1152 799 1175 852 si
1195 815 1226 852 ex

256 879 316 928 tcto
329 881 447 943 quatuor
460 875 504 928 vel
519 874 638 944 quinque
649 874 764 928 maiores
775 873 936 942 rhapsodias
947 876 1123 944 excerpseris,
1135 893 1226 930 unam-

257 951 486 1022 quamquetrium
500 951 652 1020 pluriumve
667 950 807 1016 librorum,
828 950 855 1003 in
875 950 908 1003 iis
922 967 1043 1004 seorsum
1058 952 1156 1020 positis
1171 952 1227 1006 eius

257 1045 384 1093 summae,
406 1045 486 1097 quam
506 1044 577 1080 nunc
597 1043 690 1080 omnes
708 1025 885 1092 admiramur,
910 1027 1026 1096 vestigia
1046 1028 1091 1082 vel
1110 1036 1226 1082 tantum·

256 1104 338 1158 modo
358 1105 466 1158 vincula
485 1120 599 1173 magnae
614 1104 752 1172 compagis
767 1103 890 1171 primitus
905 1104 1062 1175 designatae
1077 1104 1227 1174 deprehen·

257 1182 314 1235 das.
355 1179 417 1233 Scio
432 1198 512 1249 quam
527 1180 633 1234 difficile
648 1181 690 1247 sit,
711 1178 887 1234 Aristotelem
908 1187 936 1233 et
956 1186 1060 1234 ceteros
1080 1181 1227 1250 scriptores

257 1257 357 1310 artium
376 1257 513 1323 oblivisci,
538 1258 585 1325 qui
606 1256 690 1310 multo
710 1263 786 1325 post,
815 1274 895 1326 quam
919 1264 1012 1326 partes
1037 1256 1089 1311 hae
1116 1257 1228 1310 firmiter

258 1333 423 1400 coaluerant,
445 1332 507 1386 inde
521 1340 667 1402 praecepta
685 1350 734 1387 sua
756 1333 904 1387 duxerunt:
924 1340 954 1387 11
975 1333 1068 1402 quidni
1081 1333 1228 1387 iucundum

258 1410 301 1476 sit,
322 1410 405 1462 semel
426 1415 454 1462 et
473 1409 568 1463 iterum
591 1428 624 1462 ex
643 1410 749 1463 illarum
777 1410 1004 1479 contemplatione
1024 1411 1228 1480 antiquissimae

257 1485 347 1555 poesis
368 1485 504 1554 specimen
524 1485 642 1554 capere?
664 1502 744 1555 quam
765 1487 836 1540 inter
856 1502 949 1540 omnes
971 1487 1097 1541 convenit
1115 1487 1152 1541 ad
1172 1487 1228 1539 Ho-

258 1579 359 1614 merum
370 1578 456 1630 usque
469 1562 572 1615 nullum
586 1563 694 1631 longius
708 1569 736 1617 et
746 1562 826 1616 huius
836 1563 939 1617 formae
950 1579 1019 1631 opus
1029 1564 1177 1630 protulisse
1183 1561 1228 1632 ⁸⁹).

258 1637 325 1692 Mihi
340 1637 458 1707 quidem,
479 1638 576 1705 fateor,
597 1639 705 1708 quoties
719 1640 744 1691 in
759 1639 826 1691 illud
840 1639 959 1708 priscum
971 1655 1077 1706 aerum,
1098 1645 1229 1708 quantum

257 1723 377 1786 possum,
397 1715 486 1769 animo
508 1715 599 1782 redeo,
619 1715 726 1768 minime
747 1715 889 1784 displicent
904 1715 957 1769 istc
979 1715 1060 1768 modo
1074 1715 1148 1770 lecta
1162 1715 1228 1770 haec

171 1831 172 1835 ,
259 1790 392 1858 Carmina,
416 1809 505 1862 neque
524 1793 552 1845 in
571 1792 784 1863 ingeniosissimo
804 1791 977 1846 adolescente
997 1792 1108 1846 senilem
1123 1793 1227 1861 sapien·

257 1870 323 1924 tiam
344 1869 479 1923 desidero.
513 1869 674 1939 Quanquam
687 1884 740 1922 non
755 1874 809 1923 tam
824 1869 981 1938 sapientiam
994 1874 1021 1922 et
1035 1869 1228 1936 praestantiam

256 1946 333 2012 artis,
354 1963 435 2014 quam
457 1952 548 2000 tantae
569 1953 597 1999 et
616 1953 671 2000 tam
692 1945 766 1999 varie
787 1945 914 2014 episodiis
935 1945 1078 1998 distinctae
1092 1945 1228 2015 perpetui·

258 2023 322 2076 tatis
342 2023 533 2090 cogitationem
552 2021 588 2076 ab
608 2022 721 2075 Homeri
740 2020 800 2075 loco
816 2027 843 2075 et
856 2021 947 2075 indole
960 2021 1077 2075 alienam
1091 2037 1150 2075 esse
1165 2038 1227 2075 con·

258 2097 350 2152 tendo.
390 2097 460 2152 Nam
479 2114 567 2167 neque
586 2116 630 2152 ars
651 2105 678 2152 et
697 2099 821 2152 iunctura
840 2098 907 2166 illa,¹
923 2099 974 2151 etsi
995 2115 1112 2152 summas
1133 2097 1227 2152 laudes

259 2173 364 2238 meruit,
384 2173 423 2227 ite
437 2174 535 2229 callida
548 2181 589 2228 est
603 2181 630 2228 et
643 2174 761 2242 subtilis,
783 2183 813 2227 ut
833 2191 892 2228 eam
910 2175 1004 2244 ingens
1017 2175 1161 2244 ingenium,
1182 2189 1226 2228 ne·

260 2250 384 2305 cessariis
405 2250 531 2305 subsidiis
551 2251 726 2318 instructum,
753 2251 797 2304 vel
823 2251 880 2304 sine
901 2252 1024 2320 exemplo
1044 2252 1154 2320 assequi
1174 2267 1226 2304 non

259 2327 394 2396 potuisse3
414 2344 503 2398 neque
524 2345 588 2382 vero
609 2327 712 2395 eadem,
735 2333 766 2380 ut
786 2327 890 2396 opinor,
910 2328 938 2380 in
958 2328 1074 2382 maximo
1095 2329 1159 2380 olim
1180 2344 1225 2380 nu·
1269 2364 1273 2370 ·

260 2419 332 2474 mero
353 2402 567 2474 rhapsodiamm,
589 2405 628 2458 ita
648 2403 761 2458 difficilis
788 2413 898 2472 repertu
923 2404 989 2471 fuit,
1016 2411 1046 2457 ut
1070 2404 1227 2473 posterioris

259 2479 355 2534 aetatis
380 2481 476 2534 studiis
502 2487 529 2534 et
549 2481 699 2550 elegantiae
722 2497 777 2534 non
797 2481 941 2535 tribuenda
960 2481 1092 2534 videatur.
1132 2482 1226 2549 Atque

260 2555 326 2610 haec
347 2557 416 2611 ratio
431 2574 463 2611 eo
477 2558 644 2626 probabilior
657 2557 713 2623 fiet,
734 2557 756 2610 si
776 2557 891 2626 abipso
911 2557 998 2626 primo
1019 2563 1130 2611 auctore
1150 2556 1225 2610 filum

260 2631 368 2687 fabulae
387 2633 442 2688 iam
460 2635 632 2704 aliquatenus
653 2632 798 2688 deductum
818 2651 876 2688 esse
897 2633 1048 2703 apparebit.

229 2875 231 2888 '
328 2861 360 2928 s⁸)
379 2863 429 2925 Qui
446 2863 513 2914 enim
532 2880 546 2911 1
564 2861 671 2913 01111111.
688 2863 715 2911 11
736 2862 824 2911 Athen.
842 2861 887 2919 IV,
907 2862 946 2912 14,
964 2869 1027 2912 extr.
1045 2859 1155 2926 aliisque
1173 2859 1225 2910 111-

261 2930 359 2989 1111111,
377 2931 429 2981 iere
447 2941 506 2982 sunt
522 2931 684 2988 recentiores,
703 2938 728 2981 et
747 2930 778 2980 ab
797 2929 849 2979 illie
867 2927 972 2979 Homeri
989 2927 1136 2993 aequalibus
1149 2937 1223 2979 mate·

259 3001 322 3050 riam
340 3015 412 3051 snam
430 3000 558 3065 petierant.

329 3068 361 3135 ⁸⁰)
379 3068 417 3118 De
435 3067 571 3118 Aristotele
589 3067 650 3133 quid
667 3067 781 3122 audeam.
799 3065 877 3116 video.
915 3062 967 3114 Sed
983 3064 1010 3114 in
1033 3063 1121 3115 eadem
1146 3080 1224 3130 paene

260 3137 357 3188 haeresi
374 3154 439 3198 sum,
459 3152 533 3202 quam
557 3152 638 3201 nuper
664 3137 791 3200 professus
815 3141 853 3183 111
877 3141 965 3183 auctor
986 3132 1111 3199 elegantia
1134 3132 1222 3184 libelli:

262 3203 416 3268 Parnllclcn,
435 3222 460 3270 p.
480 3205 518 3257 14.
538 3220 593 3270 sqq.
628 3202 726 3252 Deinde
744 3201 811 3268 qnod
829 3201 960 3251 convenire
978 3201 1029 3250 dixi
1041 3201 1074 3250 de
1085 3203 1158 3266 poesi
1170 3207 1224 3252 ante

261 3273 408 3335 Homerum,
426 3273 452 3323 id
470 3289 520 3323 non
542 3273 598 3322 1111
621 3271 762 3322 1111111111
784 3270 885 3329 nititur,
909 3270 954 3318 sed
976 3269 1089 3335 ipsorum
1113 3278 1223 3319 veterum

261 3344 422 3402 auctoritate,
451 3344 495 3407 qui
521 3341 621 3391 illorum
648 3339 799 3390 canticorum
826 3345 971 3403 argumenta
993 3345 1017 3387 st
1039 3339 1142 3387 nomina
1165 3338 1223 3387 satis

262 3411 340 3461 11111111
357 3411 495 3477 proferunt.
530 3410 559 3460 ln
582 3409 660 3459 oculis
684 3417 731 3469 ast,
755 3415 853 3472 praeter
875 3399 1001 3455 Velleium
1024 3413 1051 3455 et
1073 3413 1110 3455 111
1132 3403 1223 3454 similes

262 3477 413 3537 laudatores,
431 3478 579 3530 Aristoteles
597 3493 618 3528 c.
637 3477 688 3534 24„
706 3475 750 3541 qui
768 3474 865 3540 aliquot
878 3473 1015 3524 virtutibus
1027 3473 1092 3540 epici
1103 3471 1222 3538 poematis
