2694 4116
361 299 683 380 ⁸-129—

85 489 151 543 dam
170 486 252 542 etiam
270 486 413 558 praeclera
432 485 490 540 eino
509 483 635 551 afferunt,
655 483 754 553 partim
773 482 933 538 Aristarcho
954 492 983 539 et
1001 485 1062 541 reli·

85 565 149 636 quie
174 563 294 634 antiquis
321 562 478 618 auctoribus
503 561 589 616 nostri
615 567 707 614 textue
726 559 858 630 proheta,
885 561 984 630 partim
1011 561 1067 617 for·

84 650 170 709 taeee,
190 656 234 695 me
254 639 428 710 suffragante,
450 637 592 708 prebende
611 637 639 690 in
659 634 852 706 pontenurum).
883 637 980 707 Neque
994 641 1065 692 enim

84 717 156 773 nihil
171 722 213 772 eet
226 717 254 770 in
267 716 329 783 illie,
350 715 425 786 quod
440 731 472 770 ex
486 713 649 770 auctoritate
665 713 798 768 honorum
811 713 942 767 librorum
954 713 1065 770 fluxisse

84 791 273 864 videatur⁸²),
299 799 330 848 ut
348 793 440 864 potine
464 789 703 861 reprehendendae
729 791 778 857 eit,
807 790 929 859 quiequie
955 791 983 844 id
1009 793 1066 846 euie

153 969 186 1022 Ol
203 969 227 1020 δ
237 968 335 1051 Ἄργος
354 966 428 1086 eqo»
448 967 480 1018 τὸ
499 963 678 1047 deterrendo,
697 963 789 1049 οδδαρ
806 963 940 1048 δροιὶρης,
1020 1040 1026 1052 ι

87 1041 210 1109 periieeet
228 1044 301 1091 notre
318 1055 383 1104 pecu
395 1052 450 1088 care
473 1036 609 1100 artficmtn
629 1033 729 1087 Olerlru
753 1045 778 1086 et
796 1034 920 1086 Domrnae
937 1036 1067 1091 Decerne.

96 1137 119 1147 ι-
140 1107 193 1159 Sed
210 1108 266 1173 quie
285 1107 362 1158 fidem
381 1105 474 1156 haheat
491 1104 547 1154 ietie
565 1103 708 1164 rooehulie,
725 1103 769 1170 qui
793 1119 870 1170 eeepe
894 1103 956 1155 alibi
977 1104 1068 1158 viderit
1148 1164 1153 1170 ,

86 1178 135 1228 hoe
155 1175 308 1226 Scholiasta
326 1174 471 1226 Zenodotee
487 1172 557 1222 haud
575 1171 763 1222 dissimulenter
780 1173 878 1224 tradere
895 1187 926 1221 ex
939 1173 1068 1227 auditione

85 1253 112 1296 et
129 1245 199 1296 sama
216 1253 242 1294 et
260 1245 411 1301 coniectura,
429 1258 480 1292 non
499 1257 531 1290 ex
548 1240 669 1306 inspectio
688 1239 758 1290 lihrie
778 1240 927 1292 veteribus?

158 1309 192 1374 ⁸¹)
209 1310 276 1362 Vide
294 1311 327 1362 od
345 1326 371 1361 α.
392 1312 447 1366 169.
464 1307 493 1372 β.
511 1310 570 1364 258.
590 1308 648 1363 448.
672 1322 700 1373 r·
721 1310 763 1364 57·
790 1310 847 1364 126.
870 1311 929 1364 269.
953 1311 984 1365 δ.
1007 1314 1067 1369 304.

88 1396 119 1442 μ.
140 1379 199 1434 295.
219 1377 242 1438 ξ.
262 1380 321 1434 285.
339 1379 398 1433 322.
418 1381 476 1433 400.
501 1394 527 1427 π.
550 1377 604 1432 188.
622 1376 650 1440 ψ.
676 1377 736 1431 307.
759 1386 806 1428 eto.
843 1377 987 1446 Aliquotiee
1011 1385 1068 1434 elue

86 1447 155 1499 ratio
174 1446 250 1498 etiam
269 1447 420 1498 Scholicetie
438 1445 565 1511 laudatur,
584 1454 613 1497 ut
629 1461 655 1512 η.
673 1445 732 1499 428.
753 1441 776 1500 ξ.
796 1447 853 1501 229.
878 1464 902 1498 o.
929 1450 984 1504 198.
1007 1452 1068 1506 499.

87 1523 135 1566 etc.
154 1516 203 1565 etei
225 1523 318 1565 temere
342 1515 477 1567 interdum.
515 1516 598 1577 Quam
622 1529 698 1578 eeepe
716 1513 901 1579 Aristophenee
921 1515 990 1584 Byz,
1013 1527 1067 1570 tum

86 1587 115 1633 in
136 1582 297 1645 lectionibus,
314 1592 369 1634 tum
387 1587 413 1633 io
432 1581 592 1651 δδετῆσεσι,
611 1597 670 1634 eum
687 1580 714 1630 Ζ.
732 1587 898 1644 consenuerit,
911 1587 997 1651 paullo
1010 1604 1068 1638 mox

88 1651 240 1702 videbimur.
276 1650 314 1702 Ex
333 1652 363 1702 iie
388 1661 472 1703 autem
496 1651 649 1703 lectionibus
672 1648 709 1710 h,
733 1666 797 1715 ques
819 1667 888 1703 none
912 1654 1015 1706 tandem
1041 1656 1068 1706 in

88 1726 188 1770 textum
207 1721 334 1780 revocavi,
353 1720 491 1786 quaerendi
509 1721 598 1771 labore
615 1719 697 1772 lessus
720 1719 812 1768 harum
835 1729 934 1771 tantum
958 1733 1068 1788 quatuor

87 1787 203 1847 memini,
222 1802 247 1838 a.
267 1789 326 1842 260.
345 1802 368 1838 ε.
388 1790 446 1842 227.
464 1805 492 1850 μ.
511 1789 570 1843 428.
597 1805 619 1840 ν.
638 1787 696 1842 423.
722 1788 789 1837 conf.
815 1803 872 1837 oum
897 1787 924 1838 0.
943 1791 1002 1844 334.
1026 1792 1070 1842 ubi

87 1861 175 1906 tacent
193 1854 341 1922 megietelli,
361 1859 453 1922 quihue
470 1856 497 1911 Ζ.
516 1867 567 1907 tem
584 1856 707 1908 ridiculus
726 1861 765 1906 eet
782 1854 815 1904 ad
833 1855 942 1921 priorem
960 1874 1069 1911 veroum.

157 1919 191 1988 ⁸²)
210 1922 285 1974 'l'alia
302 1932 360 1975 eunt
377 1924 484 1976 forteeee
502 1926 573 1984 heco,
593 1935 645 1984 aut,
663 1924 686 1974 ei
706 1939 738 1973 ex
756 1923 849 1987 prieris
867 1921 1070 1992 διττογραφίαις

87 1991 191 2042 delecte
209 2002 284 2052 eunt,
302 2001 368 2043 certe
385 1992 455 2043 haud
472 1997 543 2060 previ
561 1992 646 2044 iudicii
669 1991 807 2056 specimina
831 1991 1021 2046 iudicabuntur:
1039 1991 1068 2046 Α.

85 2061 129 2113 34.
148 2057 238 2138 ἀχέων
257 2077 281 2126 p.
300 2061 369 2127 pulg.
388 2059 475 2110 ἀκέων
496 2089 527 2098 -
545 2063 587 2116 47.
608 2058 679 2111 νυκτὶ
702 2057 831 2117 ἐλυσθείς
853 2079 879 2128 p.
905 2061 971 2128 vulg.
996 2061 1069 2114 νυκτὶ

87 2127 185 2183 dauwe
201 2127 243 2191 (ol.
261 2126 294 2177 ed
311 2143 340 2189 μ.
359 2126 429 2196 463.)
448 2156 479 2166 -
498 2145 524 2196 γ.
543 2131 601 2184 152.
620 2127 728 2196 δένδρει
740 2144 765 2193 p.
779 2125 901 2198 δενδρέῳ
920 2157 953 2168 -
972 2129 995 2182 δ.
1007 2132 1069 2187 639.

85 2193 192 2262 φαίδιμ’
213 2190 345 2259 θδιισσεῦ,
364 2198 431 2262 quod
450 2197 493 2262 qui
518 2198 678 2263 improbent,
702 2200 862 2248 immemores
885 2205 959 2249 erant
982 2215 1069 2250 versun

85 2280 112 2313 α.
136 2264 202 2324 122,
220 2273 266 2314 aut
282 2263 318 2315 ihi
335 2265 389 2315 vim
407 2281 459 2315 voe.
479 2263 587 2315 κύδιστε
611 2265 794 2332 pervertebant.
812 2293 845 2302 -
863 2281 878 2314 ε
911 2266 970 2320 898.
995 2265 1069 2333 ἐνέρ.

85 2346 171 2388 τατος
191 2359 224 2370 -
242 2329 269 2383 δ.
290 2333 346 2386 166.
366 2331 466 2393 πότμον
491 2332 586 2402 ἐφήσω
609 2352 634 2400 p.
658 2333 778 2384 inueiteta
801 2334 926 2394 termule,
951 2333 1066 2395 δαίμονα

85 2397 170 2450 δώσω
188 2426 221 2438 -
240 2415 256 2450 ι.
276 2400 335 2454 158.
352 2399 503 2469 καμφδὴτω
522 2430 553 2440 -
572 2403 631 2457 656.
657 2399 827 2468 ἐγκονέουσαι
847 2428 878 2438 -
898 2403 957 2456 660.
983 2401 1063 2470 (664.)

88 2462 134 2536 Τῷ
152 2465 182 2516 δὲ
202 2466 270 2536 γυνὴ
289 2467 443 2535 παρέλεκτο
461 2464 566 2537 donst,
579 2468 611 2537 ἦν
631 2467 660 2521 Λ.
678 2468 738 2537 ἦγε,
751 2469 795 2521 uhi
809 2468 964 2520 scholiastes
984 2472 1065 2536 lugie-

83 2537 131 2588 hat
149 2535 257 2586 historia
275 2550 367 2602 captae
385 2537 533 2604 chryserdio
551 2554 576 2590 α,
594 2539 652 2592 366.
674 2567 705 2576 -
724 2535 747 2589 λ.
772 2538 831 2592 840.
860 2536 914 2587 σεῖ’
938 2534 1068 2605 ἀμελήσω

84 2632 120 2642 -
139 2619 162 2652 ν.
183 2606 240 2658 107.
259 2601 324 2661 ἑκὰς
342 2603 488 2664 πόλιος-
506 2603 531 2664 ξ,
550 2609 591 2661 40.
609 2604 727 2674 ἑταίρων
748 2633 779 2643 -—
798 2621 825 2657 π.
847 2607 904 2658 156.
927 2603 1018 2674 πάντῃ
1039 2624 1066 2672 p.

82 2670 244 2730 πάντας-
263 2689 287 2723 α.
306 2675 366 2728 565.
385 2673 415 2731 ἐς
432 2672 516 2743 αὐτήν
535 2702 568 2712 -
586 2691 610 2726 ιι.
632 2675 689 2730 138.
708 2669 819 2742 ἄρχῃσι.
838 2699 870 2711 —
888 2672 943 2725 lam
961 2673 1014 2735 loc,
1034 2691 1066 2725 eo

84 2740 119 2791 ad
138 2739 294 2792 Zenodetum
312 2753 443 2794 auctorem
462 2744 554 2804 referri,
574 2759 639 2810 quae
655 2743 756 2794 illorum
775 2745 833 2792 loco
846 2742 985 2792 substituta
998 2753 1067 2800 eunt,

83 2823 171 2859 noune
189 2809 281 2869 stetim,
301 2811 401 2875 ingrato
419 2812 522 2862 nomine
539 2812 632 2878 posito,
651 2828 764 2872 omnem,
784 2826 860 2876 qnam
878 2826 945 2860 nune
963 2810 1068 2870 hahent,

83 2876 194 2942 gratiam
214 2877 389 2942 perdiderint?
410 2881 445 2930 Ac
464 2879 537 2945 plora
554 2891 640 2931 temen
659 2881 764 2946 vulgate
788 2894 838 2928 uon
861 2880 1007 2948 antiquiora
1031 2879 1068 2928 vi·

83 2945 178 2994 dentur
195 2944 226 2994 iis
245 2946 429 3009 Grammaticis,
448 2949 492 3014 qui
510 2947 663 2999 Homericae
688 2947 809 2999 orationis
834 2945 939 2998 formem
964 2947 1067 3012 elegan-

83 3010 192 3062 tiorihue
211 3012 313 3078 legibus
331 3015 527 3076 adstrinxerunt,
546 3025 586 3078 et,
606 3015 730 3082 quidquid
754 3015 793 3064 his
817 3017 969 3066 contrarium
992 3023 1068 3075 eeeet,

83 3078 175 3130 sedulo
194 3080 378 3133 oblitterarent.
413 3083 536 3134 Nonnihil
555 3092 638 3134 tamon
657 3085 720 3135 forte
738 3100 849 3150 eaeuque
867 3086 894 3132 iu
913 3081 953 3132 hie
966 3099 1068 3148 quoque

83 3148 162 3198 rebus
185 3147 300 3200 relietum
324 3159 373 3210 eet,
391 3150 459 3218 qnod
467 3187 474 3211 ,
499 3153 633 3203 subtractio
657 3153 774 3218 pluribus
799 3149 925 3217 exemplis
954 3151 1068 3201 eiusdem

84 3218 191 3279 formae,
210 3219 389 3284 perantiquam
406 3219 522 3271 fraudem
540 3221 668 3286 proderet,
681 3236 759 3286 quum
773 3221 800 3270 id
814 3224 968 3271 minorentur
981 3227 1069 3285 poetea

84 3281 453 3345 concurrereconcurrere
489 3289 522 3340 Ut
541 3289 606 3339 illud
618 3285 697 3339 Ἴλιον
716 3284 781 3338 αἰπύ
799 3305 820 3338 o.
841 3290 882 3342 71.
902 3287 972 3337 οιιίιιι
992 3302 1069 3337 eausa

83 3352 179 3402 centies
197 3352 267 3419 diple
285 3357 369 3419 posite
384 3365 423 3408 eet
441 3357 466 3406 in
486 3356 608 3419 scholiis,
627 3366 654 3409 ut
673 3356 780 3406 ιιιιίοιιιιι
803 3357 902 3407 scilicet
927 3355 1068 3420 exemplum

82 3419 362 3542 llllzttllll
379 3426 426 3544 ll
441 3423 978 3560 lllllll”lrlllllllltlftll
993 3422 1067 3540 ,2³:3¹

736 3518 753 3558 ι’
1058 3526 1067 3553 l

83 3572 115 3609 π.
135 3558 177 3614 92.
197 3573 221 3610 o.
241 3560 299 3614 174.

140 3659 228 3715 well,
243 3662 414 3716 Prolesonrene.
902 3648 915 3687 ⁹
