2702 4124
612 355 803 410 ..10-

223 515 275 568 tire
295 513 374 583 coepi
395 513 429 568 de
445 513 613 568 Venetorum
628 513 798 568 scholiorum
819 513 995 584 praestantia,
1016 512 1073 567 sinc
1094 512 1193 583 quibus

225 591 369 644 multarum
389 590 536 644 lectionum
558 596 585 644 et
605 607 730 645 versuum
751 591 898 644 auotoritas
918 589 997 644 nobis
1016 606 1128 660 prorsus
1150 589 1194 644 in·

223 672 361 736 comperta
381 675 461 722 essct.
501 667 597 736 Neque
618 667 671 720 hoo
691 666 770 720 nobis
791 667 856 720 solis
877 665 1022 720 dolendum
1046 672 1119 734 erat,
1146 666 1193 736 qni

222 744 250 796 in
269 742 311 796 his
332 742 429 797 studiis
452 749 508 798 tam
535 759 595 797 sero
625 760 772 798 versamur.
811 743 881 798 Nam
909 743 990 798 etiam
1010 742 1193 810 Eustathium,

224 836 307 889 quem
321 819 417 874 deinde
431 820 528 874 iterum
542 821 707 890 tertiumque
728 820 891 890 comparavi,
913 836 995 889 quum
1016 819 1195 889 antiquissimi

223 895 324 949 codicis
344 894 415 950 Ven.
431 894 604 953 coccam.
624 897 722 950 notitia
743 897 887 963 caruisset,
908 895 960 950 ista
981 897 1009 950 in
1028 913 1057 950 re
1078 895 1194 966 cognovi

223 972 297 1026 haud
310 971 394 1026 multo
408 973 522 1027 meliore
536 972 647 1027 fortuna
669 990 754 1041 usum,
777 989 857 1042 quam
879 973 1001 1042 quemvis
1014 973 1195 1028 recentiorum

224 1047 357 1103 editorum
378 1065 439 1102 oum
459 1049 613 1118 proletariis
633 1049 773 1103 codicibus
793 1049 860 1104 suis.
896 1048 935 1102 At
948 1049 1002 1117 ille,
1024 1049 1070 1119 qui
1090 1049 1118 1103 in
1137 1049 1194 1102 Ho-

223 1142 296 1179 mero
322 1125 389 1178 nihil
414 1132 522 1195 praeter
548 1125 691 1194 pulchrum
717 1130 828 1196 poetam
857 1126 1018 1192 mirabatur,
1045 1125 1194 1195 priscorum

224 1203 281 1256 eius
300 1200 418 1255 fetorum
438 1202 527 1255 minus
548 1204 686 1272 curiosus,
715 1207 742 1256 et
763 1201 913 1258 rhetoricos
932 1204 1024 1272 potius
1045 1219 1126 1272 quam
1145 1203 1195 1255 cri·

223 1279 293 1332 ticos
312 1278 473 1347 interpretes
493 1284 626 1347 sectatus,
654 1278 761 1333 omnino
783 1278 817 1332 ab
839 1279 891 1333 hac
911 1285 988 1349 perte
1007 1296 1062 1333 non
1082 1284 1194 1346 tantam,

225 1360 325 1423 quanta
345 1355 427 1424 vulgo
447 1353 553 1420 fruitur,
574 1355 681 1410 laudern
697 1355 803 1423 meruit,
823 1355 965 1425 plurimam
981 1355 1063 1410 debet
1076 1355 1196 1408 iacturae

226 1431 377 1484 doctiorum
401 1429 580 1485 Scholiorum.

301 1506 445 1562 Postremo
465 1508 547 1561 retuli
567 1525 610 1562 me
630 1507 665 1560 ad
691 1508 922 1580 cognoscendum,
949 1508 1081 1579 quidquid
1107 1508 1195 1563 bonae

227 1582 313 1653 frugis
327 1585 439 1637 allatum
454 1591 526 1638 esset
540 1601 573 1638 ex
592 1601 672 1637 manu
693 1585 800 1654 scriptis
821 1585 1027 1655 exemplaribus,
1049 1601 1196 1654 curamque

227 1659 449 1714 conferendarum
471 1661 616 1730 primarum
637 1661 799 1726 editionum,
827 1662 977 1716 institutam
1004 1663 1038 1716 ab
1059 1661 1195 1728 Ernestio,

224 1753 312 1805 usque
332 1736 367 1790 ad
382 1736 591 1806 Stephanionem
606 1744 764 1807 persecutus
778 1755 850 1806 sum3
870 1738 951 1807 longe
966 1733 1074 1808 q'uidem
1094 1739 1196 1791 minore

224 1813 314 1866 fructu
334 1831 415 1882 quam
434 1813 539 1868 labore.
580 1813 688 1867 Paucae
709 1815 778 1868 enim
799 1814 841 1867 his
862 1814 942 1868 editis
969 1815 1045 1869 libris
1069 1813 1197 1884 propriae
1224 1875 1227 1896 Ι

225 1895 288 1943 sunt
307 1889 451 1959 lectiones3
482 1897 509 1944 et
529 1907 599 1960 quac
618 1891 645 1944 in
669 1907 701 1944 eo
732 1907 842 1944 numero
868 1891 955 1945 bonae
981 1899 1044 1945 sunt
1069 1898 1095 1945 et
1120 1897 1197 1944 textu

226 1966 337 2036 dignae,
365 1983 455 2021 earum
476 1968 565 2036 quoad
587 1966 675 2021 fontes
695 1967 866 2038 ignoramus,
893 1985 946 2021 non
966 1969 1004 2021 ita
1023 1967 1114 2038 gravis
1135 1983 1197 2020 auc-

226 2043 322 2096 toritas
337 2060 396 2097 esse
409 2051 516 2113 potest3
538 2061 621 2113 quum
641 2043 750 2098 codices
771 2042 891 2112 quidam,
913 2045 1060 2114 praecipue
1074 2044 1197 2098 Venetus

226 2118 281 2185 ille,
302 2127 414 2187 propter
434 2120 588 2174 testimonia
607 2119 779 2174 Scholiorum
799 2119 961 2190 plerumque
983 2122 1064 2174 etiam
1084 2120 1123 2174 ibi
1143 2135 1197 2173 me·

226 2200 335 2248 reantur
347 2195 436 2266 fidem,
459 2196 503 2250 ubi
518 2203 669 2251 ceterorum
686 2196 817 2250 librorum
840 2213 989 2251 consensus
1009 2215 1063 2251 non
1082 2196 1198 2251 aceedit.

228 2270 289 2340 Qua
301 2272 329 2324 in
342 2287 370 2326 re
384 2289 465 2342 saepe
479 2273 544 2326 mihi
565 2290 616 2326 usu
636 2273 718 2340 venit,
740 2279 770 2326 ut
789 2274 871 2342 longo
895 2273 1011 2327 circuitu
1031 2273 1199 2343 pervenirem

227 2346 262 2400 ad
276 2364 321 2401 eas
335 2350 524 2416 correctiones,
546 2366 613 2419 quas
628 2349 715 2403 eximii
729 2350 791 2402 libri
805 2351 907 2419 primus
931 2350 1077 2419 adspectus
1097 2350 1199 2403 frustra

228 2423 372 2478 obtulerat.
402 2426 471 2481 Nam
492 2443 561 2495 quae
581 2443 678 2496 magna
699 2433 741 2480 est
761 2426 840 2479 huius
861 2426 914 2480 mei
936 2442 968 2479 ac
987 2427 1087 2480 Veneti
1108 2431 1198 2480 textus

228 2500 424 2570 convenientia,
439 2519 499 2556 eam
511 2509 608 2573 sponte
622 2508 711 2556 natam
725 2502 819 2569 habui,
834 2519 888 2555 non
905 2503 1035 2570 quaesivi.
1064 2501 1199 2572 Quoniam

228 2577 298 2631 enirn
312 2595 354 2632 me
370 2584 525 2633 constanter
538 2579 572 2632 ad
593 2578 673 2632 fidem
695 2585 810 2634 testatae
829 2579 998 2648 antiquitatis
1021 2579 1198 2644 contuleram,

224 2653 293 2706 vnihil
309 2654 430 2708 tribuens
450 2655 554 2725 vulgari
573 2654 686 2723 levitati,
707 2672 776 2725 quae
798 2655 862 2708 dum
883 2656 1036 2725 scripturae
1056 2655 1198 2710 raritatem

229 2729 362 2800 elegantia
376 2732 418 2785 vel
433 2732 512 2786 simili
527 2733 616 2802 specie
631 2733 749 2800 metitur,
769 2749 841 2785 nova
863 2738 890 2785 et
911 2731 1025 2800 antiqua
1044 2731 1102 2786 fere
1122 2730 1197 2784 nullo

229 2805 381 2861 discrimine
407 2808 515 2878 arripit3
546 2809 627 2863 etiam
652 2809 787 2878 principes
809 2808 941 2862 editiones
962 2825 1090 2876 perraro,
1117 2813 1145 2861 et
1164 2822 1199 2860 ne

228 2881 364 2937 Venatum
385 2884 494 2954 quidem
515 2884 636 2940 codicem
655 2901 742 2954 neque
757 2883 930 2938 Eustathium
950 2884 1002 2937 nisi
1024 2883 1057 2936 de
1078 2882 1199 2938 lontibus

230 2959 284 3013 suis
305 2967 453 3028 monentes,
474 2961 623 3016 audiendos
643 2977 703 3015 esse
723 2960 796 3014 duxi.
829 2961 927 3029 Itaque
948 2961 1019 3014 siin
1040 2959 1120 3014 huius
1139 2975 1199 3013 ver·

231 3035 365 3090 bosissimi
379 3036 495 3091 hominis
509 3038 691 3092 voluminibus
705 3038 772 3091 nihil
793 3037 867 3090 uliud
888 3053 969 3106 quarn
989 3036 1125 3091 variantes
1145 3036 1198 3090 lec·

229 3112 317 3167 tiones
334 3114 506 3182 quaesissem,
529 3131 611 3184 quum
625 3131 657 3168 ex
671 3113 711 3182 iis,
735 3130 804 3183 quae
824 3113 876 3183 ipsi
896 3113 1022 3183 propriae
1042 3120 1113 3179 sunt,
1134 3128 1198 3183 pau·

233 3188 352 3243 cissimas
360 3191 515 3259 receperim,
527 3190 635 3245 minima
644 3206 708 3260 pars
719 3189 912 3244 emendationis
922 3205 997 3245 meae
1007 3189 1072 3243 mihi
1083 3188 1199 3243 maximo

230 3265 320 3320 taedio
342 3272 369 3321 et
389 3267 529 3337 dispendio
552 3267 681 3337 temporis
701 3267 856 3321 redimenda
876 3275 941 3320 erat.
