<?xml version="1.0" encoding="UTF-8"?>
<!DOCTYPE html PUBLIC "-//W3C//DTD XHTML 1.0 Transitional//EN"
    "http://www.w3.org/TR/xhtml1/DTD/xhtml1-transitional.dtd">
<html xmlns="http://www.w3.org/1999/xhtml" xml:lang="en" lang="en">
 <head>
  <title>
</title>
<meta http-equiv="Content-Type" content="text/html;charset=utf-8" />
  <meta name='ocr-system' content='tesseract 3.04.00' />
  <meta name='ocr-capabilities' content='ocr_page ocr_carea ocr_par ocr_line ocrx_word'/>
</head>
<body>
  <div class='ocr_page' id='page_1' title='image "./prolegomenaadho03wolfgoog_0060.png"; bbox 0 0 2702 4124; ppageno 0'>
   <div class='ocr_carea' id='block_1_1' title="bbox 413 307 681 394">
    <p class='ocr_par' dir='ltr' id='par_1_1' title="bbox 413 307 681 394">
     <span class='ocr_line' id='line_1_1' title="bbox 413 307 681 394; baseline -0.019 3"><span class='ocrx_word' id='word_1_1' title='bbox 413 307 415 314; x_wconf 63' lang='grc'>’</span> <span class='ocrx_word' id='word_1_2' title='bbox 488 340 681 394; x_wconf 83' lang='grc' dir='ltr'>-ιι-</span> 
     </span>
    </p>
   </div>
   <div class='ocr_carea' id='block_1_2' title="bbox 39 493 1089 2259">
    <p class='ocr_par' dir='ltr' id='par_1_2' title="bbox 97 493 1075 955">
     <span class='ocr_line' id='line_1_2' title="bbox 97 493 1072 571; baseline 0.001 -17"><span class='ocrx_word' id='word_1_3' title='bbox 97 493 254 556; x_wconf 76' lang='lat' dir='ltr'><strong>Permirum</strong></span> <span class='ocrx_word' id='word_1_4' title='bbox 267 504 318 568; x_wconf 89' lang='lat' dir='ltr'><strong>est,</strong></span> <span class='ocrx_word' id='word_1_5' title='bbox 338 500 457 570; x_wconf 86' lang='lat' dir='ltr'><strong>inquam,</strong></span> <span class='ocrx_word' id='word_1_6' title='bbox 475 516 532 570; x_wconf 87' lang='lat' dir='ltr'><strong>eos,</strong></span> <span class='ocrx_word' id='word_1_7' title='bbox 547 501 594 571; x_wconf 90' lang='lat' dir='ltr'><strong>qui</strong></span> <span class='ocrx_word' id='word_1_8' title='bbox 607 501 674 556; x_wconf 87' lang='lat' dir='ltr'><strong>alias</strong></span> <span class='ocrx_word' id='word_1_9' title='bbox 688 505 765 556; x_wconf 87' lang='lat' dir='ltr'><strong>tento</strong></span> <span class='ocrx_word' id='word_1_10' title='bbox 779 501 869 556; x_wconf 90' lang='lat' dir='ltr'><strong>studio</strong></span> <span class='ocrx_word' id='word_1_11' title='bbox 882 517 980 556; x_wconf 86' lang='lat' dir='ltr'><strong>novem</strong></span> <span class='ocrx_word' id='word_1_12' title='bbox 994 517 1072 555; x_wconf 88' lang='lat' dir='ltr'><strong>suam</strong></span> 
     </span>
     <span class='ocr_line' id='line_1_3' title="bbox 101 576 1071 647; baseline 0 -15"><span class='ocrx_word' id='word_1_13' title='bbox 101 576 265 647; x_wconf 76' lang='lat' dir='ltr'><strong>sapientiam</strong></span> <span class='ocrx_word' id='word_1_14' title='bbox 284 576 395 631; x_wconf 87' lang='lat' dir='ltr'><strong>illinunt</strong></span> <span class='ocrx_word' id='word_1_15' title='bbox 413 577 549 646; x_wconf 85' lang='lat' dir='ltr'>Homero,</span> <span class='ocrx_word' id='word_1_16' title='bbox 570 594 641 633; x_wconf 89' lang='lat' dir='ltr'><strong>nuno</strong></span> <span class='ocrx_word' id='word_1_17' title='bbox 661 583 771 647; x_wconf 90' lang='lat' dir='ltr'><strong>repente</strong></span> <span class='ocrx_word' id='word_1_18' title='bbox 790 583 845 632; x_wconf 86' lang='lat' dir='ltr'><strong>tam</strong></span> <span class='ocrx_word' id='word_1_19' title='bbox 865 578 907 632; x_wconf 89' lang='lat' dir='ltr'><strong>sui</strong></span> <span class='ocrx_word' id='word_1_20' title='bbox 927 577 1071 644; x_wconf 83' lang='lat' dir='ltr'><strong>dissimiles</strong></span> 
     </span>
     <span class='ocr_line' id='line_1_4' title="bbox 100 651 1074 726; baseline 0.003 -19"><span class='ocrx_word' id='word_1_21' title='bbox 100 653 222 726; x_wconf 91' lang='lat' dir='ltr'><strong>prodire.</strong></span> <span class='ocrx_word' id='word_1_22' title='bbox 262 653 371 724; x_wconf 82' lang='lat' dir='ltr'>Quippe</span> <span class='ocrx_word' id='word_1_23' title='bbox 391 651 459 708; x_wconf 86' lang='lat' dir='ltr'><strong>tales</strong></span> <span class='ocrx_word' id='word_1_24' title='bbox 479 654 612 710; x_wconf 87' lang='lat' dir='ltr'><strong>habemus</strong></span> <span class='ocrx_word' id='word_1_25' title='bbox 632 661 660 710; x_wconf 90' lang='lat' dir='ltr'><strong>et</strong></span> <span class='ocrx_word' id='word_1_26' title='bbox 679 659 805 708; x_wconf 78' lang='lat' dir='ltr'><strong>auctores</strong></span> <span class='ocrx_word' id='word_1_27' title='bbox 825 653 1074 724; x_wconf 87' lang='lat' dir='ltr'><strong>antiquissimorum</strong></span> 
     </span>
     <span class='ocr_line' id='line_1_5' title="bbox 102 729 1074 801; baseline -0.001 -15"><span class='ocrx_word' id='word_1_28' title='bbox 102 729 290 798; x_wconf 73' lang='lat' dir='ltr'>scholiorum,</span> <span class='ocrx_word' id='word_1_29' title='bbox 314 738 343 784; x_wconf 90' lang='lat' dir='ltr'><strong>et</strong></span> <span class='ocrx_word' id='word_1_30' title='bbox 362 730 451 800; x_wconf 91' lang='lat' dir='ltr'><strong>ipsum</strong></span> <span class='ocrx_word' id='word_1_31' title='bbox 470 732 659 800; x_wconf 88' lang='lat' dir='ltr'><strong>Eustathium,</strong></span> <span class='ocrx_word' id='word_1_32' title='bbox 686 747 719 785; x_wconf 86' lang='lat' dir='ltr'><strong>ex</strong></span> <span class='ocrx_word' id='word_1_33' title='bbox 739 730 839 801; x_wconf 87' lang='lat' dir='ltr'><strong>quibus</strong></span> <span class='ocrx_word' id='word_1_34' title='bbox 859 739 1025 799; x_wconf 89' lang='lat' dir='ltr'><strong>ceterorum,</strong></span> <span class='ocrx_word' id='word_1_35' title='bbox 1051 730 1074 786; x_wconf 90' lang='lat' dir='ltr'><strong>si</strong></span> 
     </span>
     <span class='ocr_line' id='line_1_6' title="bbox 101 805 1075 879; baseline 0.004 -19"><span class='ocrx_word' id='word_1_36' title='bbox 101 824 158 861; x_wconf 92' lang='lat' dir='ltr'><strong>non</strong></span> <span class='ocrx_word' id='word_1_37' title='bbox 184 805 360 878; x_wconf 77' lang='lat' dir='ltr'><strong>omnium⁴⁷)‚</strong></span> <span class='ocrx_word' id='word_1_38' title='bbox 389 813 417 860; x_wconf 90' lang='lat' dir='ltr'><strong>at</strong></span> <span class='ocrx_word' id='word_1_39' title='bbox 441 814 515 863; x_wconf 92' lang='lat' dir='ltr'><strong>oerte</strong></span> <span class='ocrx_word' id='word_1_40' title='bbox 540 808 716 879; x_wconf 89' lang='lat' dir='ltr'><strong>plurimorum</strong></span> <span class='ocrx_word' id='word_1_41' title='bbox 742 813 769 862; x_wconf 93' lang='lat' dir='ltr'><strong>et</strong></span> <span class='ocrx_word' id='word_1_42' title='bbox 793 807 957 878; x_wconf 88' lang='lat' dir='ltr'><strong>optimorum</strong></span> <span class='ocrx_word' id='word_1_43' title='bbox 981 809 1075 878; x_wconf 86' lang='lat' dir='ltr'><strong>Intpp.</strong></span> 
     </span>
     <span class='ocr_line' id='line_1_7' title="bbox 103 884 477 955; baseline 0 -17"><span class='ocrx_word' id='word_1_44' title='bbox 103 884 171 938; x_wconf 92' lang='lat' dir='ltr'><strong>olirn</strong></span> <span class='ocrx_word' id='word_1_45' title='bbox 191 899 337 938; x_wconf 80' lang='lat' dir='ltr'>consensus</span> <span class='ocrx_word' id='word_1_46' title='bbox 357 885 477 955; x_wconf 83' lang='lat' dir='ltr'><strong>emergit.</strong></span> 
     </span>
    </p>

    <p class='ocr_par' dir='ltr' id='par_1_3' title="bbox 39 960 1089 2259">
     <span class='ocr_line' id='line_1_8' title="bbox 185 960 1075 1031; baseline 0.002 -19"><span class='ocrx_word' id='word_1_47' title='bbox 185 960 273 1029; x_wconf 85' lang='lat' dir='ltr'><strong>Quam</strong></span> <span class='ocrx_word' id='word_1_48' title='bbox 294 960 329 1014; x_wconf 93' lang='lat' dir='ltr'><strong>ob</strong></span> <span class='ocrx_word' id='word_1_49' title='bbox 350 977 420 1029; x_wconf 87' lang='lat' dir='ltr'><strong>rem,</strong></span> <span class='ocrx_word' id='word_1_50' title='bbox 448 967 478 1014; x_wconf 93' lang='lat' dir='ltr'><strong>ut</strong></span> <span class='ocrx_word' id='word_1_51' title='bbox 503 962 633 1031; x_wconf 88' lang='lat' dir='ltr'><strong>pleraque</strong></span> <span class='ocrx_word' id='word_1_52' title='bbox 658 961 686 1016; x_wconf 88' lang='lat' dir='ltr'><strong>in</strong></span> <span class='ocrx_word' id='word_1_53' title='bbox 712 961 846 1016; x_wconf 89' lang='lat' dir='ltr'><strong>hocloco</strong></span> <span class='ocrx_word' id='word_1_54' title='bbox 866 961 992 1031; x_wconf 85' lang='lat' dir='ltr'><strong>ambigua</strong></span> <span class='ocrx_word' id='word_1_55' title='bbox 1012 960 1075 1030; x_wconf 88' lang='lat' dir='ltr'><strong>sint,</strong></span> 
     </span>
     <span class='ocr_line' id='line_1_9' title="bbox 106 1036 1076 1109; baseline -0.001 -17"><span class='ocrx_word' id='word_1_56' title='bbox 106 1036 196 1092; x_wconf 85' lang='lat' dir='ltr'><strong>videri</strong></span> <span class='ocrx_word' id='word_1_57' title='bbox 220 1044 310 1091; x_wconf 86' lang='lat' dir='ltr'><strong>tamen</strong></span> <span class='ocrx_word' id='word_1_58' title='bbox 337 1043 421 1108; x_wconf 81' lang='lat' dir='ltr'><strong>queat</strong></span> <span class='ocrx_word' id='word_1_59' title='bbox 445 1037 472 1092; x_wconf 91' lang='lat' dir='ltr'><strong>iu</strong></span> <span class='ocrx_word' id='word_1_60' title='bbox 486 1049 529 1092; x_wconf 82' lang='lat' dir='ltr'><strong>&#39;eo</strong></span> <span class='ocrx_word' id='word_1_61' title='bbox 556 1038 641 1092; x_wconf 85' lang='lat' dir='ltr'><strong>latere</strong></span> <span class='ocrx_word' id='word_1_62' title='bbox 668 1038 787 1109; x_wconf 83' lang='lat' dir='ltr'><strong>aliquid,</strong></span> <span class='ocrx_word' id='word_1_63' title='bbox 819 1038 893 1108; x_wconf 92' lang='lat' dir='ltr'><strong>quod</strong></span> <span class='ocrx_word' id='word_1_64' title='bbox 923 1038 1076 1108; x_wconf 82' lang='lat' dir='ltr'><strong>neglectum</strong></span> 
     </span>
     <span class='ocr_line' id='line_1_10' title="bbox 39 1113 1079 1185; baseline 0 -17"><span class='ocrx_word' id='word_1_65' title='bbox 39 1173 44 1182; x_wconf 56' lang='lat'><strong><em>‚</em></strong></span> <span class='ocrx_word' id='word_1_66' title='bbox 108 1113 202 1168; x_wconf 76' lang='lat' dir='ltr'><strong>adhuc</strong></span> <span class='ocrx_word' id='word_1_67' title='bbox 221 1113 256 1167; x_wconf 90' lang='lat' dir='ltr'><strong>ab</strong></span> <span class='ocrx_word' id='word_1_68' title='bbox 279 1113 400 1182; x_wconf 88' lang='lat' dir='ltr'><strong>eruditis,</strong></span> <span class='ocrx_word' id='word_1_69' title='bbox 420 1114 558 1184; x_wconf 90' lang='lat' dir='ltr'><strong>impulerit</strong></span> <span class='ocrx_word' id='word_1_70' title='bbox 578 1121 685 1170; x_wconf 87' lang='lat' dir='ltr'><strong>veteres</strong></span> <span class='ocrx_word' id='word_1_71' title='bbox 705 1115 769 1169; x_wconf 91' lang='lat' dir='ltr'><strong>illos</strong></span> <span class='ocrx_word' id='word_1_72' title='bbox 789 1122 871 1185; x_wconf 90' lang='lat' dir='ltr'><strong>atque</strong></span> <span class='ocrx_word' id='word_1_73' title='bbox 892 1114 1025 1184; x_wconf 85' lang='lat' dir='ltr'><strong>coegerit,</strong></span> <span class='ocrx_word' id='word_1_74' title='bbox 1047 1119 1079 1168; x_wconf 93' lang='lat' dir='ltr'><strong>ut</strong></span> 
     </span>
     <span class='ocr_line' id='line_1_11' title="bbox 107 1190 1078 1261; baseline 0.001 -18"><span class='ocrx_word' id='word_1_75' title='bbox 107 1190 148 1245; x_wconf 93' lang='lat' dir='ltr'><strong>ibi</strong></span> <span class='ocrx_word' id='word_1_76' title='bbox 174 1207 285 1260; x_wconf 87' lang='lat' dir='ltr'><strong>quoque</strong></span> <span class='ocrx_word' id='word_1_77' title='bbox 309 1197 388 1244; x_wconf 89' lang='lat' dir='ltr'><strong>notas</strong></span> <span class='ocrx_word' id='word_1_78' title='bbox 412 1207 460 1245; x_wconf 89' lang='lat' dir='ltr'><strong>seu</strong></span> <span class='ocrx_word' id='word_1_79' title='bbox 486 1192 564 1261; x_wconf 88' lang='lat' dir='ltr'><strong>signa</strong></span> <span class='ocrx_word' id='word_1_80' title='bbox 588 1192 721 1261; x_wconf 79' lang='lat' dir='ltr'><strong>quaedam</strong></span> <span class='ocrx_word' id='word_1_81' title='bbox 745 1191 882 1260; x_wconf 88' lang='lat' dir='ltr'><strong>viderent,</strong></span> <span class='ocrx_word' id='word_1_82' title='bbox 908 1207 961 1246; x_wconf 92' lang='lat' dir='ltr'><strong>non</strong></span> <span class='ocrx_word' id='word_1_83' title='bbox 986 1208 1078 1246; x_wconf 84' lang='lat' dir='ltr'><strong>veram</strong></span> 
     </span>
     <span class='ocr_line' id='line_1_12' title="bbox 108 1267 1079 1340; baseline -0.001 -18"><span class='ocrx_word' id='word_1_84' title='bbox 108 1267 271 1336; x_wconf 91' lang='lat' dir='ltr'><strong>scripturam</strong></span> <span class='ocrx_word' id='word_1_85' title='bbox 295 1267 455 1322; x_wconf 85' lang='lat' dir='ltr'><strong>litterarum.</strong></span> <span class='ocrx_word' id='word_1_86' title='bbox 495 1268 588 1338; x_wconf 86' lang='lat' dir='ltr'><strong>Atque</strong></span> <span class='ocrx_word' id='word_1_87' title='bbox 614 1285 647 1322; x_wconf 90' lang='lat' dir='ltr'><strong>ex</strong></span> <span class='ocrx_word' id='word_1_88' title='bbox 671 1269 726 1323; x_wconf 92' lang='lat' dir='ltr'><strong>hoc</strong></span> <span class='ocrx_word' id='word_1_89' title='bbox 751 1285 851 1340; x_wconf 84' lang='lat' dir='ltr'><strong>genere</strong></span> <span class='ocrx_word' id='word_1_90' title='bbox 877 1274 919 1322; x_wconf 90' lang='lat' dir='ltr'><strong>est</strong></span> <span class='ocrx_word' id='word_1_91' title='bbox 939 1267 1079 1338; x_wconf 90' lang='lat' dir='ltr'><strong>inprimis</strong></span> 
     </span>
     <span class='ocr_line' id='line_1_13' title="bbox 108 1343 1080 1412; baseline 0 -14"><span class='ocrx_word' id='word_1_92' title='bbox 108 1343 224 1398; x_wconf 87' lang='lat' dir='ltr'><strong>verbum</strong></span> <span class='ocrx_word' id='word_1_93' title='bbox 241 1348 338 1412; x_wconf 78' lang='grc' dir='ltr'><strong>δεῖξαι,</strong></span> <span class='ocrx_word' id='word_1_94' title='bbox 357 1344 434 1397; x_wconf 90' lang='lat' dir='ltr'><strong>cuius</strong></span> <span class='ocrx_word' id='word_1_95' title='bbox 448 1361 481 1398; x_wconf 89' lang='lat' dir='ltr'><strong>ea</strong></span> <span class='ocrx_word' id='word_1_96' title='bbox 495 1353 536 1398; x_wconf 90' lang='lat' dir='ltr'><strong>est</strong></span> <span class='ocrx_word' id='word_1_97' title='bbox 549 1345 599 1412; x_wconf 83' lang='lat' dir='ltr'><strong>ris,</strong></span> <span class='ocrx_word' id='word_1_98' title='bbox 619 1352 650 1398; x_wconf 91' lang='lat' dir='ltr'><strong>ut</strong></span> <span class='ocrx_word' id='word_1_99' title='bbox 664 1346 709 1400; x_wconf 88' lang='lat' dir='ltr'><strong>vel</strong></span> <span class='ocrx_word' id='word_1_100' title='bbox 722 1345 881 1400; x_wconf 88' lang='lat' dir='ltr'><strong>acerrimum</strong></span> <span class='ocrx_word' id='word_1_101' title='bbox 895 1344 1080 1400; x_wconf 87' lang='lat' dir='ltr'><strong>adversarium</strong></span> 
     </span>
     <span class='ocr_line' id='line_1_14' title="bbox 108 1419 1080 1492; baseline -0.001 -17"><span class='ocrx_word' id='word_1_102' title='bbox 108 1419 245 1475; x_wconf 87' lang='lat' dir='ltr'><strong>sententia</strong></span> <span class='ocrx_word' id='word_1_103' title='bbox 265 1437 314 1474; x_wconf 91' lang='lat' dir='ltr'><strong>sua</strong></span> <span class='ocrx_word' id='word_1_104' title='bbox 334 1419 449 1474; x_wconf 88' lang='lat' dir='ltr'><strong>deiiciet.</strong></span> <span class='ocrx_word' id='word_1_105' title='bbox 489 1421 560 1476; x_wconf 90' lang='lat' dir='ltr'><strong>Nam</strong></span> <span class='ocrx_word' id='word_1_106' title='bbox 579 1421 601 1475; x_wconf 91' lang='lat' dir='ltr'><strong>si</strong></span> <span class='ocrx_word' id='word_1_107' title='bbox 622 1421 656 1476; x_wconf 92' lang='lat' dir='ltr'><strong>de</strong></span> <span class='ocrx_word' id='word_1_108' title='bbox 676 1422 782 1492; x_wconf 89' lang='lat' dir='ltr'><strong>perlato</strong></span> <span class='ocrx_word' id='word_1_109' title='bbox 803 1429 831 1476; x_wconf 90' lang='lat' dir='ltr'><strong>et</strong></span> <span class='ocrx_word' id='word_1_110' title='bbox 850 1421 957 1477; x_wconf 91' lang='lat' dir='ltr'><strong>reddito</strong></span> <span class='ocrx_word' id='word_1_111' title='bbox 977 1422 1080 1491; x_wconf 89' lang='lat' dir='ltr'><strong>scripto</strong></span> 
     </span>
     <span class='ocr_line' id='line_1_15' title="bbox 110 1496 1080 1569; baseline 0.001 -18"><span class='ocrx_word' id='word_1_112' title='bbox 110 1498 271 1566; x_wconf 89' lang='lat' dir='ltr'><strong>loqueretur</strong></span> <span class='ocrx_word' id='word_1_113' title='bbox 291 1496 439 1564; x_wconf 87' lang='lat' dir='ltr'><strong>Homerus,</strong></span> <span class='ocrx_word' id='word_1_114' title='bbox 462 1504 509 1551; x_wconf 90' lang='lat' dir='ltr'><strong>aut</strong></span> <span class='ocrx_word' id='word_1_115' title='bbox 529 1498 655 1568; x_wconf 87' lang='lat' dir='ltr'><strong>equidem</strong></span> <span class='ocrx_word' id='word_1_116' title='bbox 676 1499 734 1554; x_wconf 90' lang='lat' dir='ltr'><strong>eius</strong></span> <span class='ocrx_word' id='word_1_117' title='bbox 754 1499 948 1569; x_wconf 75' lang='lat' dir='ltr'><strong>proprietatem</strong></span> <span class='ocrx_word' id='word_1_118' title='bbox 969 1506 997 1554; x_wconf 90' lang='lat' dir='ltr'><strong>et</strong></span> <span class='ocrx_word' id='word_1_119' title='bbox 1017 1515 1080 1552; x_wconf 93' lang='lat' dir='ltr'><strong>con·</strong></span> 
     </span>
     <span class='ocr_line' id='line_1_16' title="bbox 110 1573 1083 1646; baseline 0.002 -19"><span class='ocrx_word' id='word_1_120' title='bbox 110 1573 283 1627; x_wconf 81' lang='lat' dir='ltr'><strong>suetudinem</strong></span> <span class='ocrx_word' id='word_1_121' title='bbox 308 1574 438 1643; x_wconf 90' lang='lat' dir='ltr'><strong>loquendi</strong></span> <span class='ocrx_word' id='word_1_122' title='bbox 463 1575 571 1644; x_wconf 90' lang='lat' dir='ltr'><strong>penitus</strong></span> <span class='ocrx_word' id='word_1_123' title='bbox 597 1576 704 1644; x_wconf 89' lang='lat' dir='ltr'><strong>nescio,</strong></span> <span class='ocrx_word' id='word_1_124' title='bbox 735 1583 782 1629; x_wconf 86' lang='lat' dir='ltr'><strong>eut</strong></span> <span class='ocrx_word' id='word_1_125' title='bbox 811 1592 872 1629; x_wconf 92' lang='lat' dir='ltr'><strong>eum</strong></span> <span class='ocrx_word' id='word_1_126' title='bbox 903 1575 957 1629; x_wconf 90' lang='lat' dir='ltr'><strong>alio</strong></span> <span class='ocrx_word' id='word_1_127' title='bbox 985 1574 1083 1646; x_wconf 88' lang='lat' dir='ltr'><strong>quovis</strong></span> 
     </span>
     <span class='ocr_line' id='line_1_17' title="bbox 111 1650 1084 1722; baseline 0.001 -18"><span class='ocrx_word' id='word_1_128' title='bbox 111 1667 196 1720; x_wconf 87' lang='lat' dir='ltr'><strong>quam</strong></span> <span class='ocrx_word' id='word_1_129' title='bbox 215 1650 262 1702; x_wconf 94' lang='lat' dir='ltr'><strong>illo</strong></span> <span class='ocrx_word' id='word_1_130' title='bbox 284 1650 369 1705; x_wconf 86' lang='lat' dir='ltr'><strong>verbo</strong></span> <span class='ocrx_word' id='word_1_131' title='bbox 389 1668 500 1704; x_wconf 91' lang='lat' dir='ltr'><strong>usurum</strong></span> <span class='ocrx_word' id='word_1_132' title='bbox 524 1651 607 1705; x_wconf 85' lang='lat' dir='ltr'><strong>fuisse</strong></span> <span class='ocrx_word' id='word_1_133' title='bbox 632 1652 776 1707; x_wconf 90' lang='lat' dir='ltr'><strong>contendo.</strong></span> <span class='ocrx_word' id='word_1_134' title='bbox 815 1652 913 1722; x_wconf 89' lang='lat' dir='ltr'><strong>Neque</strong></span> <span class='ocrx_word' id='word_1_135' title='bbox 938 1669 1004 1706; x_wconf 89' lang='lat' dir='ltr'><strong>vero</strong></span> <span class='ocrx_word' id='word_1_136' title='bbox 1029 1651 1084 1705; x_wconf 91' lang='lat' dir='ltr'><strong>hoc</strong></span> 
     </span>
     <span class='ocr_line' id='line_1_18' title="bbox 112 1726 1084 1799; baseline 0.002 -19"><span class='ocrx_word' id='word_1_137' title='bbox 112 1732 220 1781; x_wconf 84' lang='lat' dir='ltr'><strong>tantum</strong></span> <span class='ocrx_word' id='word_1_138' title='bbox 241 1727 385 1795; x_wconf 81' lang='lat' dir='ltr'><strong>contende,</strong></span> <span class='ocrx_word' id='word_1_139' title='bbox 406 1726 454 1782; x_wconf 89' lang='lat' dir='ltr'><strong>sed</strong></span> <span class='ocrx_word' id='word_1_140' title='bbox 474 1745 544 1798; x_wconf 86' lang='lat' dir='ltr'><strong>nego</strong></span> <span class='ocrx_word' id='word_1_141' title='bbox 558 1735 707 1799; x_wconf 86' lang='lat' dir='ltr'><strong>praeterea,</strong></span> <span class='ocrx_word' id='word_1_142' title='bbox 728 1746 882 1798; x_wconf 78' lang='lat' dir='ltr'><strong>quenquam</strong></span> <span class='ocrx_word' id='word_1_143' title='bbox 895 1735 1012 1798; x_wconf 76' lang='lat' dir='ltr'><strong>politam,</strong></span> <span class='ocrx_word' id='word_1_144' title='bbox 1033 1744 1084 1782; x_wconf 89' lang='lat' dir='ltr'><strong>nec</strong></span> 
     </span>
     <span class='ocr_line' id='line_1_19' title="bbox 113 1802 1085 1874; baseline 0 -16"><span class='ocrx_word' id='word_1_145' title='bbox 113 1802 251 1858; x_wconf 86' lang='lat' dir='ltr'><strong>Graecum</strong></span> <span class='ocrx_word' id='word_1_146' title='bbox 271 1819 322 1856; x_wconf 86' lang='lat' dir='ltr'><strong>nec</strong></span> <span class='ocrx_word' id='word_1_147' title='bbox 340 1803 481 1872; x_wconf 88' lang='lat' dir='ltr'><strong>Latinum,</strong></span> <span class='ocrx_word' id='word_1_148' title='bbox 511 1821 545 1858; x_wconf 90' lang='lat' dir='ltr'><strong>ne</strong></span> <span class='ocrx_word' id='word_1_149' title='bbox 570 1805 781 1860; x_wconf 86' lang='lat' dir='ltr'><strong>amantissimum</strong></span> <span class='ocrx_word' id='word_1_150' title='bbox 808 1805 917 1874; x_wconf 90' lang='lat' dir='ltr'><strong>quidem</strong></span> <span class='ocrx_word' id='word_1_151' title='bbox 942 1805 1085 1858; x_wconf 87' lang='lat' dir='ltr'><strong>audacium</strong></span> 
     </span>
     <span class='ocr_line' id='line_1_20' title="bbox 112 1879 1085 1950; baseline 0.001 -17"><span class='ocrx_word' id='word_1_152' title='bbox 112 1879 329 1946; x_wconf 85' lang='lat' dir='ltr'><strong>vocabulorum,</strong></span> <span class='ocrx_word' id='word_1_153' title='bbox 348 1883 519 1936; x_wconf 79' lang='lat' dir='ltr'><strong>monstrandi</strong></span> <span class='ocrx_word' id='word_1_154' title='bbox 536 1899 583 1935; x_wconf 90' lang='lat' dir='ltr'><strong>eeu</strong></span> <span class='ocrx_word' id='word_1_155' title='bbox 604 1882 758 1935; x_wconf 75' lang='lat' dir='ltr'><strong>ostendendi</strong></span> <span class='ocrx_word' id='word_1_156' title='bbox 775 1881 887 1934; x_wconf 86' lang='lat' dir='ltr'><strong>verbum</strong></span> <span class='ocrx_word' id='word_1_157' title='bbox 907 1880 1031 1950; x_wconf 77' lang='lat' dir='ltr'><strong>posuisse</strong></span> <span class='ocrx_word' id='word_1_158' title='bbox 1052 1881 1085 1934; x_wconf 91' lang='lat' dir='ltr'><strong>de</strong></span> 
     </span>
     <span class='ocr_line' id='line_1_21' title="bbox 112 1953 1086 2026; baseline 0.001 -16"><span class='ocrx_word' id='word_1_159' title='bbox 112 1956 233 2026; x_wconf 90' lang='lat' dir='ltr'><strong>epistola</strong></span> <span class='ocrx_word' id='word_1_160' title='bbox 246 1956 392 2013; x_wconf 87' lang='lat' dir='ltr'><strong>reddenda.</strong></span> <span class='ocrx_word' id='word_1_161' title='bbox 425 1958 519 2012; x_wconf 90' lang='lat' dir='ltr'><strong>Minus</strong></span> <span class='ocrx_word' id='word_1_162' title='bbox 531 1975 574 2010; x_wconf 92' lang='lat' dir='ltr'><strong>me</strong></span> <span class='ocrx_word' id='word_1_163' title='bbox 595 1958 745 2014; x_wconf 81' lang='lat' dir='ltr'><strong>offenderet</strong></span> <span class='ocrx_word' id='word_1_164' title='bbox 764 1957 839 2021; x_wconf 72' lang='grc' dir='ltr'><strong>σῆμα</strong></span> <span class='ocrx_word' id='word_1_165' title='bbox 856 1953 966 2005; x_wconf 68' lang='grc' dir='ltr'><strong>ἰδέσθαι</strong></span> <span class='ocrx_word' id='word_1_166' title='bbox 979 1975 1005 2010; x_wconf 89' lang='lat' dir='ltr'><strong>v.</strong></span> <span class='ocrx_word' id='word_1_167' title='bbox 1021 1957 1086 2014; x_wconf 83' lang='grc'>176.</span> 
     </span>
     <span class='ocr_line' id='line_1_22' title="bbox 114 2032 1087 2104; baseline 0.002 -18"><span class='ocrx_word' id='word_1_168' title='bbox 114 2033 142 2086; x_wconf 91' lang='lat' dir='ltr'><strong>in</strong></span> <span class='ocrx_word' id='word_1_169' title='bbox 164 2032 282 2086; x_wconf 89' lang='lat' dir='ltr'><strong>lectione</strong></span> <span class='ocrx_word' id='word_1_170' title='bbox 302 2034 410 2103; x_wconf 89' lang='lat' dir='ltr'><strong>scripti,</strong></span> <span class='ocrx_word' id='word_1_171' title='bbox 438 2035 488 2090; x_wconf 87' lang='lat' dir='ltr'><strong>etsi</strong></span> <span class='ocrx_word' id='word_1_172' title='bbox 514 2051 565 2089; x_wconf 91' lang='lat' dir='ltr'><strong>nec</strong></span> <span class='ocrx_word' id='word_1_173' title='bbox 590 2034 644 2089; x_wconf 90' lang='lat' dir='ltr'><strong>hoc</strong></span> <span class='ocrx_word' id='word_1_174' title='bbox 668 2035 734 2088; x_wconf 87' lang='lat' dir='ltr'><strong>satie</strong></span> <span class='ocrx_word' id='word_1_175' title='bbox 754 2035 928 2089; x_wconf 91' lang='lat' dir='ltr'><strong>Homericum</strong></span> <span class='ocrx_word' id='word_1_176' title='bbox 947 2042 1087 2104; x_wconf 87' lang='lat' dir='ltr'><strong>putarem:</strong></span> 
     </span>
     <span class='ocr_line' id='line_1_23' title="bbox 114 2110 1089 2182; baseline 0.001 -19"><span class='ocrx_word' id='word_1_177' title='bbox 114 2126 188 2163; x_wconf 88' lang='lat' dir='ltr'><strong>nunc</strong></span> <span class='ocrx_word' id='word_1_178' title='bbox 208 2117 352 2181; x_wconf 90' lang='lat' dir='ltr'><strong>utrumque</strong></span> <span class='ocrx_word' id='word_1_179' title='bbox 373 2111 493 2166; x_wconf 90' lang='lat' dir='ltr'><strong>eiusdem</strong></span> <span class='ocrx_word' id='word_1_180' title='bbox 512 2113 618 2182; x_wconf 85' lang='lat' dir='ltr'><strong>generis</strong></span> <span class='ocrx_word' id='word_1_181' title='bbox 638 2129 697 2166; x_wconf 90' lang='lat' dir='ltr'><strong>esse</strong></span> <span class='ocrx_word' id='word_1_182' title='bbox 718 2119 839 2182; x_wconf 88' lang='lat' dir='ltr'><strong>apparet.</strong></span> <span class='ocrx_word' id='word_1_183' title='bbox 884 2110 995 2166; x_wconf 82' lang='lat' dir='ltr'><strong>Addere</strong></span> <span class='ocrx_word' id='word_1_184' title='bbox 1009 2111 1089 2181; x_wconf 89' lang='lat' dir='ltr'><strong>plura</strong></span> 
     </span>
     <span class='ocr_line' id='line_1_24' title="bbox 115 2186 1087 2259; baseline 0.002 -19"><span class='ocrx_word' id='word_1_185' title='bbox 115 2186 219 2240; x_wconf 89' lang='lat' dir='ltr'><strong>taedet.</strong></span> <span class='ocrx_word' id='word_1_186' title='bbox 253 2187 343 2241; x_wconf 91' lang='lat' dir='ltr'><strong>Unum</strong></span> <span class='ocrx_word' id='word_1_187' title='bbox 358 2205 499 2256; x_wconf 76' lang='lat' dir='ltr'><strong>quaeram:</strong></span> <span class='ocrx_word' id='word_1_188' title='bbox 518 2195 681 2259; x_wconf 89' lang='lat' dir='ltr'><strong>torquerene</strong></span> <span class='ocrx_word' id='word_1_189' title='bbox 694 2189 786 2259; x_wconf 86' lang='lat' dir='ltr'><strong>potius</strong></span> <span class='ocrx_word' id='word_1_190' title='bbox 801 2195 828 2242; x_wconf 90' lang='lat' dir='ltr'><strong>et</strong></span> <span class='ocrx_word' id='word_1_191' title='bbox 840 2196 995 2259; x_wconf 88' lang='lat' dir='ltr'><strong>pervertere</strong></span> <span class='ocrx_word' id='word_1_192' title='bbox 1009 2188 1087 2242; x_wconf 91' lang='lat' dir='ltr'><strong>dece·</strong></span> 
     </span>
    </p>
   </div>
   <div class='ocr_carea' id='block_1_3' title="bbox 275 2320 323 2330">
    <p class='ocr_par' dir='ltr' id='par_1_4' title="bbox 275 2320 323 2330">
     <span class='ocr_line' id='line_1_25' title="bbox 275 2320 323 2330; baseline -0.021 1"><span class='ocrx_word' id='word_1_193' title='bbox 275 2320 323 2330; x_wconf 70' lang='grc'><strong>.-</strong></span> 
     </span>
    </p>
   </div>
   <div class='ocr_carea' id='block_1_4' title="bbox 117 2397 1098 3224">
    <p class='ocr_par' dir='ltr' id='par_1_5' title="bbox 117 2397 1098 3224">
     <span class='ocr_line' id='line_1_26' title="bbox 117 2397 1092 2476; baseline -0.006 -20"><span class='ocrx_word' id='word_1_194' title='bbox 117 2405 252 2476; x_wconf 81' lang='grc' dir='ltr'><strong>ρέξεσται</strong></span> <span class='ocrx_word' id='word_1_195' title='bbox 277 2401 394 2472; x_wconf 77' lang='grc' dir='ltr'><em>ὕστερον</em></span> <span class='ocrx_word' id='word_1_196' title='bbox 420 2402 464 2466; x_wconf 85' lang='grc' dir='ltr'><strong>τὸ,</strong></span> <span class='ocrx_word' id='word_1_197' title='bbox 488 2397 715 2471; x_wconf 77' lang='grc' dir='ltr'><em>Βελλεροφόντης</em></span> <span class='ocrx_word' id='word_1_198' title='bbox 738 2399 799 2452; x_wconf 69' lang='grc' dir='ltr'><strong>καθ’</strong></span> <span class='ocrx_word' id='word_1_199' title='bbox 822 2400 925 2451; x_wconf 81' lang='grc' dir='ltr'><em>ἑαυτοῦ</em></span> <span class='ocrx_word' id='word_1_200' title='bbox 940 2399 1092 2468; x_wconf 72' lang='grc' dir='ltr'><em>γράμματα</em></span> 
     </span>
     <span class='ocr_line' id='line_1_27' title="bbox 117 2468 1091 2539; baseline -0.008 -14"><span class='ocrx_word' id='word_1_201' title='bbox 117 2493 143 2526; x_wconf 81' lang='grc' dir='ltr'><strong>κ.</strong></span> <span class='ocrx_word' id='word_1_202' title='bbox 166 2491 191 2525; x_wconf 84' lang='grc' dir='ltr'><strong>τ.</strong></span> <span class='ocrx_word' id='word_1_203' title='bbox 210 2471 235 2523; x_wconf 83' lang='grc' dir='ltr'><strong>λ.</strong></span> <span class='ocrx_word' id='word_1_204' title='bbox 272 2473 347 2527; x_wconf 79' lang='lat' dir='ltr'><strong>cont.</strong></span> <span class='ocrx_word' id='word_1_205' title='bbox 366 2473 397 2523; x_wconf 91' lang='lat' dir='ltr'><strong>ad</strong></span> <span class='ocrx_word' id='word_1_206' title='bbox 417 2471 507 2539; x_wconf 85' lang='lat' dir='ltr'><strong>Odyss.</strong></span> <span class='ocrx_word' id='word_1_207' title='bbox 532 2491 557 2538; x_wconf 90' lang='lat' dir='ltr'><strong>p.</strong></span> <span class='ocrx_word' id='word_1_208' title='bbox 583 2473 656 2526; x_wconf 76' lang='lat' dir='ltr'><strong>lete.</strong></span> <span class='ocrx_word' id='word_1_209' title='bbox 679 2471 698 2522; x_wconf 94' lang='lat' dir='ltr'><strong>l.</strong></span> <span class='ocrx_word' id='word_1_210' title='bbox 717 2473 758 2526; x_wconf 76' lang='lat'><strong>49.</strong></span> <span class='ocrx_word' id='word_1_211' title='bbox 777 2488 804 2536; x_wconf 85' lang='lat' dir='ltr'><strong>p·</strong></span> <span class='ocrx_word' id='word_1_212' title='bbox 823 2470 895 2524; x_wconf 57' lang='lat'>1959,</span> <span class='ocrx_word' id='word_1_213' title='bbox 922 2469 939 2521; x_wconf 94' lang='lat' dir='ltr'><strong>l.</strong></span> <span class='ocrx_word' id='word_1_214' title='bbox 962 2470 1004 2524; x_wconf 81' lang='lat'><strong>57.</strong></span> <span class='ocrx_word' id='word_1_215' title='bbox 1040 2468 1091 2528; x_wconf 82' lang='lat' dir='ltr'><strong>Qui</strong></span> 
     </span>
     <span class='ocr_line' id='line_1_28' title="bbox 119 2537 1092 2606; baseline -0.007 -12"><span class='ocrx_word' id='word_1_216' title='bbox 119 2545 188 2594; x_wconf 86' lang='lat' dir='ltr'><strong>novit</strong></span> <span class='ocrx_word' id='word_1_217' title='bbox 206 2542 375 2603; x_wconf 79' lang='lat' dir='ltr'><strong>Eustathium,</strong></span> <span class='ocrx_word' id='word_1_218' title='bbox 394 2541 478 2590; x_wconf 89' lang='lat' dir='ltr'><strong>statim</strong></span> <span class='ocrx_word' id='word_1_219' title='bbox 495 2541 571 2602; x_wconf 83' lang='lat' dir='ltr'><strong>uldet,</strong></span> <span class='ocrx_word' id='word_1_220' title='bbox 590 2539 680 2606; x_wconf 90' lang='lat' dir='ltr'><strong>quibus</strong></span> <span class='ocrx_word' id='word_1_221' title='bbox 700 2539 842 2589; x_wconf 85' lang='lat' dir='ltr'><strong>auctoribus</strong></span> <span class='ocrx_word' id='word_1_222' title='bbox 867 2538 915 2587; x_wconf 84' lang='lat' dir='ltr'><strong>ista</strong></span> <span class='ocrx_word' id='word_1_223' title='bbox 939 2538 1023 2588; x_wconf 87' lang='lat' dir='ltr'><strong>omnia</strong></span> <span class='ocrx_word' id='word_1_224' title='bbox 1045 2537 1092 2588; x_wconf 86' lang='lat' dir='ltr'><strong>ad-</strong></span> 
     </span>
     <span class='ocr_line' id='line_1_29' title="bbox 120 2602 1092 2676; baseline -0.008 -12"><span class='ocrx_word' id='word_1_225' title='bbox 120 2612 253 2664; x_wconf 86' lang='lat' dir='ltr'><strong>scribenda</strong></span> <span class='ocrx_word' id='word_1_226' title='bbox 271 2611 334 2676; x_wconf 78' lang='lat' dir='ltr'><strong>sint3</strong></span> <span class='ocrx_word' id='word_1_227' title='bbox 354 2610 492 2675; x_wconf 82' lang='lat' dir='ltr'><strong>laudatque</strong></span> <span class='ocrx_word' id='word_1_228' title='bbox 515 2609 569 2676; x_wconf 91' lang='lat' dir='ltr'><strong>ipse</strong></span> <span class='ocrx_word' id='word_1_229' title='bbox 587 2624 646 2658; x_wconf 83' lang='lat' dir='ltr'><strong>suos</strong></span> <span class='ocrx_word' id='word_1_230' title='bbox 665 2602 809 2666; x_wconf 83' lang='grc' dir='ltr'><em>Παλαιούς.</em></span> <span class='ocrx_word' id='word_1_231' title='bbox 839 2607 927 2670; x_wconf 90' lang='lat' dir='ltr'><strong>Itaque</strong></span> <span class='ocrx_word' id='word_1_232' title='bbox 944 2605 1092 2671; x_wconf 86' lang='lat' dir='ltr'><strong>antiquissi-</strong></span> 
     </span>
     <span class='ocr_line' id='line_1_30' title="bbox 120 2674 1093 2742; baseline -0.009 -10"><span class='ocrx_word' id='word_1_233' title='bbox 120 2698 179 2732; x_wconf 91' lang='lat' dir='ltr'><strong>mus</strong></span> <span class='ocrx_word' id='word_1_234' title='bbox 199 2678 284 2732; x_wconf 84' lang='lat' dir='ltr'><strong>Schol.</strong></span> <span class='ocrx_word' id='word_1_235' title='bbox 302 2678 364 2729; x_wconf 78' lang='lat' dir='ltr'><strong>eod.</strong></span> <span class='ocrx_word' id='word_1_236' title='bbox 381 2677 412 2730; x_wconf 83' lang='lat' dir='ltr'><strong>A.</strong></span> <span class='ocrx_word' id='word_1_237' title='bbox 431 2684 513 2738; x_wconf 85' lang='lat' dir='ltr'><strong>notat,</strong></span> <span class='ocrx_word' id='word_1_238' title='bbox 537 2675 619 2726; x_wconf 79' lang='lat' dir='ltr'><strong>uideri</strong></span> <span class='ocrx_word' id='word_1_239' title='bbox 640 2677 681 2727; x_wconf 91' lang='lat' dir='ltr'><strong>hic</strong></span> <span class='ocrx_word' id='word_1_240' title='bbox 702 2692 789 2726; x_wconf 82' lang='lat' dir='ltr'><strong>uocum</strong></span> <span class='ocrx_word' id='word_1_241' title='bbox 813 2683 838 2725; x_wconf 94' lang='lat' dir='ltr'><strong>et</strong></span> <span class='ocrx_word' id='word_1_242' title='bbox 862 2675 995 2724; x_wconf 88' lang='lat' dir='ltr'><strong>verborum</strong></span> <span class='ocrx_word' id='word_1_243' title='bbox 1014 2674 1093 2742; x_wconf 88' lang='lat' dir='ltr'><strong>scrip-</strong></span> 
     </span>
     <span class='ocr_line' id='line_1_31' title="bbox 120 2738 1094 2815; baseline -0.009 -13"><span class='ocrx_word' id='word_1_244' title='bbox 120 2760 205 2803; x_wconf 86' lang='lat' dir='ltr'><strong>turam</strong></span> <span class='ocrx_word' id='word_1_245' title='bbox 223 2747 368 2815; x_wconf 83' lang='lat' dir='ltr'><strong>significari,</strong></span> <span class='ocrx_word' id='word_1_246' title='bbox 387 2745 431 2796; x_wconf 91' lang='lat' dir='ltr'><strong>sed</strong></span> <span class='ocrx_word' id='word_1_247' title='bbox 449 2762 500 2794; x_wconf 82' lang='lat' dir='ltr'><strong>noa</strong></span> <span class='ocrx_word' id='word_1_248' title='bbox 517 2743 555 2794; x_wconf 84' lang='lat' dir='ltr'><strong>ita</strong></span> <span class='ocrx_word' id='word_1_249' title='bbox 571 2760 631 2805; x_wconf 83' lang='lat' dir='ltr'><strong>erse,</strong></span> <span class='ocrx_word' id='word_1_250' title='bbox 649 2744 748 2813; x_wconf 83' lang='grc' dir='ltr'><em>σημεῖα</em></span> <span class='ocrx_word' id='word_1_251' title='bbox 767 2760 823 2795; x_wconf 89' lang='lat' dir='ltr'><strong>esse</strong></span> <span class='ocrx_word' id='word_1_252' title='bbox 835 2738 942 2804; x_wconf 77' lang='grc' dir='ltr'><em>εἴδωλα,</em></span> <span class='ocrx_word' id='word_1_253' title='bbox 960 2738 994 2792; x_wconf 82' lang='grc' dir='ltr'><strong>οὐ</strong></span> <span class='ocrx_word' id='word_1_254' title='bbox 1004 2741 1094 2810; x_wconf 77' lang='grc' dir='ltr'><em>γράμ-</em></span> 
     </span>
     <span class='ocr_line' id='line_1_32' title="bbox 120 2812 1094 2882; baseline -0.007 -14"><span class='ocrx_word' id='word_1_255' title='bbox 120 2834 206 2882; x_wconf 85' lang='grc' dir='ltr'><em>ματα.</em></span> <span class='ocrx_word' id='word_1_256' title='bbox 243 2817 311 2866; x_wconf 88' lang='lat' dir='ltr'><strong>ldem</strong></span> <span class='ocrx_word' id='word_1_257' title='bbox 336 2817 410 2865; x_wconf 86' lang='lat' dir='ltr'><strong>etiam</strong></span> <span class='ocrx_word' id='word_1_258' title='bbox 434 2813 539 2865; x_wconf 89' lang='lat' dir='ltr'><strong>breviter</strong></span> <span class='ocrx_word' id='word_1_259' title='bbox 563 2815 669 2864; x_wconf 83' lang='lat' dir='ltr'><strong>servarit</strong></span> <span class='ocrx_word' id='word_1_260' title='bbox 693 2813 810 2880; x_wconf 88' lang='lat' dir='ltr'><strong>Ap&#39;ellon.</strong></span> <span class='ocrx_word' id='word_1_261' title='bbox 838 2812 896 2862; x_wconf 82' lang='lat' dir='ltr'><strong>Lex.</strong></span> <span class='ocrx_word' id='word_1_262' title='bbox 921 2829 944 2862; x_wconf 86' lang='grc' dir='ltr'><strong>ι.</strong></span> <span class='ocrx_word' id='word_1_263' title='bbox 960 2812 1094 2877; x_wconf 77' lang='grc' dir='ltr'><em>γραπτῦς,</em></span> 
     </span>
     <span class='ocr_line' id='line_1_33' title="bbox 122 2880 1096 2954; baseline -0.007 -17"><span class='ocrx_word' id='word_1_264' title='bbox 122 2889 214 2954; x_wconf 87' lang='lat' dir='ltr'><strong>Neque</strong></span> <span class='ocrx_word' id='word_1_265' title='bbox 231 2885 282 2937; x_wconf 86' lang='lat' dir='ltr'><strong>alio</strong></span> <span class='ocrx_word' id='word_1_266' title='bbox 300 2885 409 2952; x_wconf 89' lang='lat' dir='ltr'><strong>pertinet</strong></span> <span class='ocrx_word' id='word_1_267' title='bbox 427 2885 496 2934; x_wconf 90' lang='lat' dir='ltr'><strong>locus</strong></span> <span class='ocrx_word' id='word_1_268' title='bbox 514 2882 590 2932; x_wconf 89' lang='lat' dir='ltr'><strong>Plinii</strong></span> <span class='ocrx_word' id='word_1_269' title='bbox 608 2882 684 2942; x_wconf 88' lang='lat' dir='ltr'>XIII,</span> <span class='ocrx_word' id='word_1_270' title='bbox 704 2882 742 2936; x_wconf 85' lang='lat'><strong>13.</strong></span> <span class='ocrx_word' id='word_1_271' title='bbox 761 2881 820 2941; x_wconf 83' lang='lat' dir='ltr'><strong>ubi,</strong></span> <span class='ocrx_word' id='word_1_272' title='bbox 845 2897 922 2946; x_wconf 91' lang='lat' dir='ltr'><strong>quum</strong></span> <span class='ocrx_word' id='word_1_273' title='bbox 945 2880 1096 2945; x_wconf 75' lang='lat' dir='ltr'><strong>scripsisset,</strong></span> 
     </span>
     <span class='ocr_line' id='line_1_34' title="bbox 119 2945 1096 3023; baseline -0.009 -17"><span class='ocrx_word' id='word_1_274' title='bbox 119 2953 292 3023; x_wconf 71' lang='lat' dir='ltr'><strong>pupillorium</strong></span> <span class='ocrx_word' id='word_1_275' title='bbox 310 2969 383 3004; x_wconf 90' lang='lat' dir='ltr'><strong>usum</strong></span> <span class='ocrx_word' id='word_1_276' title='bbox 401 2956 477 3004; x_wconf 86' lang='lat' dir='ltr'><strong>etiem</strong></span> <span class='ocrx_word' id='word_1_277' title='bbox 494 2958 553 3000; x_wconf 85' lang='lat' dir='ltr'><strong>ante</strong></span> <span class='ocrx_word' id='word_1_278' title='bbox 570 2950 682 3001; x_wconf 80' lang='lat' dir='ltr'><strong>Troiana</strong></span> <span class='ocrx_word' id='word_1_279' title='bbox 699 2958 812 3016; x_wconf 89' lang='lat' dir='ltr'><strong>tempora</strong></span> <span class='ocrx_word' id='word_1_280' title='bbox 830 2947 935 2998; x_wconf 87' lang='lat' dir='ltr'><strong>inveniri</strong></span> <span class='ocrx_word' id='word_1_281' title='bbox 953 2947 1020 3014; x_wconf 90' lang='lat' dir='ltr'><strong>apud</strong></span> <span class='ocrx_word' id='word_1_282' title='bbox 1038 2945 1096 2999; x_wconf 88' lang='lat' dir='ltr'><strong>Ho-</strong></span> 
     </span>
     <span class='ocr_line' id='line_1_35' title="bbox 123 3016 1097 3088; baseline -0.01 -12"><span class='ocrx_word' id='word_1_283' title='bbox 123 3040 231 3085; x_wconf 87' lang='lat' dir='ltr'><strong>merum,</strong></span> <span class='ocrx_word' id='word_1_284' title='bbox 250 3022 321 3074; x_wconf 85' lang='lat' dir='ltr'><strong>addit</strong></span> <span class='ocrx_word' id='word_1_285' title='bbox 339 3019 529 3088; x_wconf 85' lang='lat' dir='ltr'><strong>Bellerophonti</strong></span> <span class='ocrx_word' id='word_1_286' title='bbox 547 3017 673 3069; x_wconf 81' lang='lat' dir='ltr'><strong>codica&#39;lloe</strong></span> <span class='ocrx_word' id='word_1_287' title='bbox 690 3019 719 3084; x_wconf 88' lang='lat' dir='ltr'><strong>(i.</strong></span> <span class='ocrx_word' id='word_1_288' title='bbox 737 3035 759 3071; x_wconf 88' lang='lat' dir='ltr'><strong>e.</strong></span> <span class='ocrx_word' id='word_1_289' title='bbox 776 3017 928 3083; x_wconf 70' lang='lat' dir='ltr'><strong>pupillares)</strong></span> <span class='ocrx_word' id='word_1_290' title='bbox 946 3016 1027 3076; x_wconf 82' lang='lat' dir='ltr'><strong>datos,</strong></span> <span class='ocrx_word' id='word_1_291' title='bbox 1045 3032 1097 3066; x_wconf 86' lang='lat' dir='ltr'><strong>nou</strong></span> 
     </span>
     <span class='ocr_line' id='line_1_36' title="bbox 125 3083 1098 3159; baseline -0.011 -15"><span class='ocrx_word' id='word_1_292' title='bbox 125 3090 250 3159; x_wconf 75' lang='lat' dir='ltr'><strong>epistolar.</strong></span> <span class='ocrx_word' id='word_1_293' title='bbox 277 3093 430 3158; x_wconf 77' lang='lat' dir='ltr'><strong>Quanquam</strong></span> <span class='ocrx_word' id='word_1_294' title='bbox 448 3092 497 3140; x_wconf 91' lang='lat' dir='ltr'><strong>hoc</strong></span> <span class='ocrx_word' id='word_1_295' title='bbox 515 3105 545 3140; x_wconf 86' lang='lat' dir='ltr'><strong>ex</strong></span> <span class='ocrx_word' id='word_1_296' title='bbox 564 3087 674 3139; x_wconf 87' lang='lat' dir='ltr'><strong>moribus</strong></span> <span class='ocrx_word' id='word_1_297' title='bbox 685 3087 806 3138; x_wconf 84' lang='lat' dir='ltr'><strong>Romanis</strong></span> <span class='ocrx_word' id='word_1_298' title='bbox 825 3085 916 3136; x_wconf 87' lang='lat' dir='ltr'><strong>dictum</strong></span> <span class='ocrx_word' id='word_1_299' title='bbox 935 3101 1023 3151; x_wconf 89' lang='lat' dir='ltr'><strong>parurn</strong></span> <span class='ocrx_word' id='word_1_300' title='bbox 1036 3083 1098 3134; x_wconf 91' lang='lat' dir='ltr'><strong>utils</strong></span> 
     </span>
     <span class='ocr_line' id='line_1_37' title="bbox 126 3156 911 3224; baseline -0.015 -10"><span class='ocrx_word' id='word_1_301' title='bbox 126 3163 200 3214; x_wconf 87' lang='lat' dir='ltr'><strong>uobis</strong></span> <span class='ocrx_word' id='word_1_302' title='bbox 219 3169 286 3212; x_wconf 90' lang='lat' dir='ltr'><strong>esset</strong></span> <span class='ocrx_word' id='word_1_303' title='bbox 303 3164 359 3212; x_wconf 89' lang='lat' dir='ltr'><strong>sine</strong></span> <span class='ocrx_word' id='word_1_304' title='bbox 377 3159 490 3224; x_wconf 87' lang='lat' dir='ltr'><strong>reliquiis</strong></span> <span class='ocrx_word' id='word_1_305' title='bbox 508 3157 730 3209; x_wconf 84' lang='lat' dir='ltr'><strong>Grammaticorum</strong></span> <span class='ocrx_word' id='word_1_306' title='bbox 748 3156 911 3206; x_wconf 81' lang='lat' dir='ltr'><strong>Graecorum.</strong></span> 
     </span>
    </p>
   </div>
   <div class='ocr_carea' id='block_1_5' title="bbox 198 3231 1098 3314">
    <p class='ocr_par' dir='ltr' id='par_1_6' title="bbox 198 3231 1098 3314">
     <span class='ocr_line' id='line_1_38' title="bbox 198 3231 1098 3314; baseline -0.017 -16"><span class='ocrx_word' id='word_1_307' title='bbox 198 3250 232 3314; x_wconf 81' lang='lat'><strong>⁴⁷)</strong></span> <span class='ocrx_word' id='word_1_308' title='bbox 258 3248 376 3301; x_wconf 79' lang='lat' dir='ltr'><strong>Iluetath.</strong></span> <span class='ocrx_word' id='word_1_309' title='bbox 404 3264 429 3313; x_wconf 87' lang='lat' dir='ltr'><strong>p.</strong></span> <span class='ocrx_word' id='word_1_310' title='bbox 455 3246 513 3299; x_wconf 88' lang='grc'><strong>633.</strong></span> <span class='ocrx_word' id='word_1_311' title='bbox 541 3244 558 3294; x_wconf 86' lang='lat' dir='ltr'><strong>l.</strong></span> <span class='ocrx_word' id='word_1_312' title='bbox 576 3247 601 3300; x_wconf 84' lang='lat'><strong>9.</strong></span> <span class='ocrx_word' id='word_1_313' title='bbox 627 3238 704 3300; x_wconf 87' lang='grc' dir='ltr'><em>Τινές</em></span> <span class='ocrx_word' id='word_1_314' title='bbox 726 3257 808 3308; x_wconf 84' lang='grc' dir='ltr'><em>φασι,</em></span> <span class='ocrx_word' id='word_1_315' title='bbox 834 3236 968 3290; x_wconf 67' lang='grc' dir='ltr'><strong>δύνασθαι</strong></span> <span class='ocrx_word' id='word_1_316' title='bbox 991 3233 1026 3285; x_wconf 87' lang='grc' dir='ltr'><strong>τὰ</strong></span> <span class='ocrx_word' id='word_1_317' title='bbox 1049 3231 1098 3296; x_wconf 76' lang='grc' dir='ltr'><strong>μὲν</strong></span> 
     </span>
    </p>
   </div>
   <div class='ocr_carea' id='block_1_6' title="bbox 83 3302 1100 3458">
    <p class='ocr_par' dir='ltr' id='par_1_7' title="bbox 83 3302 1100 3458">
     <span class='ocr_line' id='line_1_39' title="bbox 127 3302 1100 3388; baseline -0.02 -19"><span class='ocrx_word' id='word_1_318' title='bbox 127 3318 280 3388; x_wconf 81' lang='grc' dir='ltr'><em>γράμματα</em></span> <span class='ocrx_word' id='word_1_319' title='bbox 302 3315 425 3367; x_wconf 70' lang='grc' dir='ltr'><em>ἐνταῦθα</em></span> <span class='ocrx_word' id='word_1_320' title='bbox 448 3312 556 3382; x_wconf 80' lang='grc' dir='ltr'><em>σήματα</em></span> <span class='ocrx_word' id='word_1_321' title='bbox 580 3309 802 3378; x_wconf 82' lang='grc' dir='ltr'><em>φιλοσοφώτερον</em></span> <span class='ocrx_word' id='word_1_322' title='bbox 826 3304 977 3388; x_wconf 44' lang='grc' dir='ltr'><strong>καλεῖσθαι·</strong></span> <span class='ocrx_word' id='word_1_323' title='bbox 991 3302 1100 3387; x_wconf 41' lang='grc' dir='ltr'><em>’σημεῖα</em></span> 
     </span>
     <span class='ocr_line' id='line_1_40' title="bbox 83 3374 1100 3458; baseline -0.015 -22"><span class='ocrx_word' id='word_1_324' title='bbox 83 3422 91 3436; x_wconf 94' lang='grc'><strong>.</strong></span> <span class='ocrx_word' id='word_1_325' title='bbox 127 3387 184 3458; x_wconf 60' lang='grc' dir='ltr'><strong>γὰρ</strong></span> <span class='ocrx_word' id='word_1_326' title='bbox 207 3387 305 3454; x_wconf 80' lang='grc' dir='ltr'><em>φωνῶν</em></span> <span class='ocrx_word' id='word_1_327' title='bbox 329 3384 373 3437; x_wconf 82' lang='grc' dir='ltr'><strong>καὶ</strong></span> <span class='ocrx_word' id='word_1_328' title='bbox 397 3381 540 3451; x_wconf 84' lang='grc' dir='ltr'><em>νοημάτων</em></span> <span class='ocrx_word' id='word_1_329' title='bbox 563 3379 606 3431; x_wconf 78' lang='lat' dir='ltr'><strong>rol</strong></span> <span class='ocrx_word' id='word_1_330' title='bbox 628 3377 795 3448; x_wconf 73' lang='grc' dir='ltr'><em>πραγμάτων</em></span> <span class='ocrx_word' id='word_1_331' title='bbox 821 3374 874 3428; x_wconf 74' lang='grc' dir='ltr'><strong><em>εἰσὶ</em></strong></span> <span class='ocrx_word' id='word_1_332' title='bbox 891 3386 1100 3440; x_wconf 61' lang='lat' dir='ltr'><strong>corporeitate.</strong></span> 
     </span>
    </p>
   </div>
   <div class='ocr_carea' id='block_1_7' title="bbox 29 3440 1102 3516">
    <p class='ocr_par' dir='ltr' id='par_1_8' title="bbox 29 3440 1102 3516">
     <span class='ocr_line' id='line_1_41' title="bbox 29 3440 1102 3516; baseline -0.021 -4"><span class='ocrx_word' id='word_1_333' title='bbox 29 3445 31 3463; x_wconf 61' lang='grc'><strong><em>’</em></strong></span> <span class='ocrx_word' id='word_1_334' title='bbox 130 3459 168 3510; x_wconf 75' lang='lat' dir='ltr'><strong>Ex</strong></span> <span class='ocrx_word' id='word_1_335' title='bbox 185 3457 239 3508; x_wconf 88' lang='lat' dir='ltr'><strong>illis</strong></span> <span class='ocrx_word' id='word_1_336' title='bbox 256 3452 325 3506; x_wconf 79' lang='grc' dir='ltr'><em>τισὶν</em></span> <span class='ocrx_word' id='word_1_337' title='bbox 345 3463 384 3506; x_wconf 86' lang='lat' dir='ltr'><strong>est</strong></span> <span class='ocrx_word' id='word_1_338' title='bbox 401 3452 486 3504; x_wconf 80' lang='lat' dir='ltr'><strong>Sobel.</strong></span> <span class='ocrx_word' id='word_1_339' title='bbox 506 3450 567 3502; x_wconf 79' lang='lat' dir='ltr'><strong>God.</strong></span> <span class='ocrx_word' id='word_1_340' title='bbox 580 3449 618 3510; x_wconf 89' lang='grc' dir='ltr'><strong>Β.,</strong></span> <span class='ocrx_word' id='word_1_341' title='bbox 636 3447 744 3516; x_wconf 80' lang='grc' dir='ltr'><em>σήματα</em></span> <span class='ocrx_word' id='word_1_342' title='bbox 761 3445 893 3511; x_wconf 83' lang='lat' dir='ltr'><strong>explicans</strong></span> <span class='ocrx_word' id='word_1_343' title='bbox 910 3441 1008 3508; x_wconf 78' lang='lat' dir='ltr'><strong>vulgari</strong></span> <span class='ocrx_word' id='word_1_344' title='bbox 1025 3440 1102 3490; x_wconf 91' lang='lat' dir='ltr'><strong>modo</strong></span> 
     </span>
    </p>
   </div>
   <div class='ocr_carea' id='block_1_8' title="bbox 129 3507 1105 3645">
    <p class='ocr_par' dir='ltr' id='par_1_9' title="bbox 129 3507 1105 3645">
     <span class='ocr_line' id='line_1_42' title="bbox 129 3507 1105 3645; baseline -0.019 -68"><span class='ocrx_word' id='word_1_345' title='bbox 129 3525 293 3645; x_wconf 42' lang='lat' dir='ltr'><strong>{puppam</strong></span> <span class='ocrx_word' id='word_1_346' title='bbox 311 3539 343 3574; x_wconf 92' lang='lat' dir='ltr'><strong>ne</strong></span> <span class='ocrx_word' id='word_1_347' title='bbox 361 3520 524 3573; x_wconf 87' lang='lat' dir='ltr'><strong>Plutarchum</strong></span> <span class='ocrx_word' id='word_1_348' title='bbox 543 3525 568 3569; x_wconf 92' lang='lat' dir='ltr'><strong>et</strong></span> <span class='ocrx_word' id='word_1_349' title='bbox 585 3518 649 3568; x_wconf 85' lang='lat' dir='ltr'><strong>alios</strong></span> <span class='ocrx_word' id='word_1_350' title='bbox 662 3519 798 3582; x_wconf 89' lang='lat' dir='ltr'><strong>scriptores</strong></span> <span class='ocrx_word' id='word_1_351' title='bbox 810 3525 955 3571; x_wconf 87' lang='lat' dir='ltr'><strong>memorem,</strong></span> <span class='ocrx_word' id='word_1_352' title='bbox 972 3509 1016 3577; x_wconf 85' lang='lat' dir='ltr'><strong>qni</strong></span> <span class='ocrx_word' id='word_1_353' title='bbox 1027 3507 1105 3570; x_wconf 81' lang='lat' dir='ltr'><strong>modq</strong></span> 
     </span>
    </p>
   </div>
   <div class='ocr_carea' id='block_1_9' title="bbox 169 3580 951 3702">
    <p class='ocr_par' dir='ltr' id='par_1_10' title="bbox 169 3580 951 3702">
     <span class='ocr_line' id='line_1_43' title="bbox 169 3580 951 3702; baseline -0.02 -57"><span class='ocrx_word' id='word_1_354' title='bbox 169 3593 370 3660; x_wconf 87' lang='lat' dir='ltr'><strong>llerophonteam</strong></span> <span class='ocrx_word' id='word_1_355' title='bbox 388 3585 548 3655; x_wconf 79' lang='grc' dir='ltr'><em>ἐπιστολήν,</em></span> <span class='ocrx_word' id='word_1_356' title='bbox 566 3585 640 3638; x_wconf 88' lang='lat' dir='ltr'><strong>modo</strong></span> <span class='ocrx_word' id='word_1_357' title='bbox 656 3582 807 3652; x_wconf 75' lang='grc' dir='ltr'><em>γράμματα</em></span> <span class='ocrx_word' id='word_1_358' title='bbox 824 3580 951 3702; x_wconf 51' lang='lat' dir='ltr'><strong>garriurqq</strong></span> 
     </span>
    </p>
   </div>
   <div class='ocr_carea' id='block_1_10' title="bbox 0 0 1393 4124">
    <p class='ocr_par' dir='ltr' id='par_1_11' title="bbox 0 0 1393 4124">
     <span class='ocr_line' id='line_1_44' title="bbox 0 0 1393 4124; baseline 0 0"><span class='ocrx_word' id='word_1_359' title='bbox 0 0 1393 4124; x_wconf 95' lang='lat' dir='ltr'><strong> </strong></span> 
     </span>
    </p>
   </div>
  </div>
 </body>
</html>
