2694 4116
506 300 695 352 ...83-

114 456 191 527 qnod
212 458 316 525 volunt,
337 459 416 528 plane
437 458 563 512 efficiunt.
605 456 638 512 In
663 457 715 510 bac
741 475 806 512 suns
833 475 968 529 quemque
995 475 1090 514 seusus

115 535 207 599 docet,
227 534 250 588 ai
271 540 389 590 extrema
408 535 455 589 illa
482 535 619 600 deessent,
653 533 783 588 sollicitos
808 553 858 590 nos
883 535 1006 589 abituros
1030 552 1091 590 esse

114 611 150 666 de
170 610 284 681 Ulysse,
305 617 440 668 tantarum
466 610 653 665 difficultatum
674 611 792 679 victore,
821 607 1040 682 quandoquidem
1065 612 1091 666 ei

114 694 177 740 tum
196 689 312 742 maxime
331 695 512 742 metueremus
532 705 549 741 a
569 686 728 757 parentibus
749 693 777 742 et
801 688 923 759 cognatis
950 705 1090 746 caesorum

114 768 172 821 108
192 764 324 818 nobilium
343 765 478 832 iuvenum,
505 766 557 817 uisi
582 763 713 818 amnestia
739 771 767 818 et
791 782 846 834 pax
871 765 950 820 fieret
977 766 1090 820 deorum

110 841 270 896 interventu
290 848 319 895 et
338 842 429 896 subita
447 855 565 908 μηχανῃ.

192 916 265 986 Quid
291 935 370 986 ergo,
397 918 420 972 si
446 935 505 972 eam
531 919 618 988 ipsam
643 923 748 988 partem
774 935 836 972 cum
858 917 918 973 aliis
945 919 1089 986 nonnullis,

113 994 218 1062 quibus
238 994 310 1048 iusta
328 995 489 1064 compositio
511 994 642 1050 Carminis
665 1011 759 1048 carere
779 995 881 1064 nequit,
902 995 1015 1048 Homeri
1034 1011 1090 1048 uon

112 1087 183 1137 esse,
205 1069 253 1124 sed
273 1070 308 1124 ab
328 1071 421 1141 aliquo
442 1071 583 1140 ingenioso
610 1071 750 1140 rhapsodo
776 1073 897 1142 proxime
923 1071 1089 1140 insequentis

110 1147 174 1200 aevi
196 1148 369 1216 compositas,
391 1148 524 1212 omnibus,
546 1165 615 1218 quae
636 1149 663 1200 in
676 1148 761 1202 hocce
776 1165 861 1218 genus
875 1165 963 1201 rerum
977 1147 1088 1216 cadunt,

109 1225 279 1294 argumentis
300 1223 391 1278 doceri
411 1223 523 1293 potest?
543 1225 625 1294 Quid,
640 1225 663 1277 si
677 1224 747 1278 idem
767 1231 858 1294 potest
880 1223 913 1278 de
927 1223 969 1277 Vl
983 1231 1089 1293 postre-

110 1301 163 1353 mis
184 1299 338 1369 rhapsodiis
358 1299 482 1354 Iliados?
502 1301 637 1372 Equidem
658 1309 732 1355 certe
753 1302 860 1370 quoties
885 1301 912 1353 in
940 1300 1088 1354 continenti

110 1375 232 1430 lectione
259 1376 294 1430 ad
319 1377 385 1430 istas
410 1383 501 1447 partes
527 1377 638 1446 deveni,
665 1395 801 1447 nunqnam
826 1395 880 1431 non
904 1377 932 1430 in
957 1377 990 1430 iis
1019 1376 1089 1432 talia

111 1452 249 1524 quaedam
268 1453 349 1520 sensi,
364 1470 443 1522 quae,
457 1454 507 1507 nisi
521 1455 583 1509 illae
598 1462 654 1508 tam
665 1461 769 1509 mature
784 1473 845 1509 eum
859 1455 956 1508 ceteris
970 1453 1087 1508 coaluis-

110 1534 183 1594 sent,
204 1530 302 1598 quovis
322 1531 435 1600 pignore
456 1532 625 1597 contendam,
647 1531 747 1584 dudum
778 1533 814 1586 ab
833 1531 954 1585 'eruditis
979 1531 1089 1586 detecta

111 1612 141 1659 et
161 1605 350 1660 animadversa
369 1607 464 1673 fuisse,
485 1609 565 1661 immo
586 1607 672 1661 multo
701 1608 758 1662 eius
783 1609 905 1679 generis,
933 1613 978 1674 ut,
1005 1624 1088 1676 quum

109 1699 184 1735 1111110
211 1676 419 1747 ‘anpcrn'srara
448 1684 617 1751 habeantur,
648 1685 670 1738 si
696 1684 883 1739 tantummodo
913 1684 940 1737 in
971 1684 1089 1754 Hymnis

110 1758 283 1828 legerentur,
309 1760 370 1829 ipse.
394 1762 453 1816 sola
480 1778 527 1816 eoa
560 1761 759 1830 suspicionibus
787 1757 900 1815 νοθείας
925 1760 1088 1830 adspersurs

111 1841 213 1892 esseut.
253 1835 307 1890 Sed
327 1836 398 1890 huuc
418 1855 525 1892 sensum
546 1856 635 1892 meum
658 1839 758 1892 nemini
787 1854 837 1907 pro
863 1837 967 1890 rationo
994 1836 1110 1889 vendi-1

109 1912 189 1979 tabe,
210 1913 274 1966 satis
293 1914 371 1983 gravi
390 1932 476 1984 nuper
496 1914 618 1984 exemplo
639 1913 762 1968 edoctus.
802 1914 889 1982 Quem
910 1913 980 1966 enim
1000 1912 1086 1982 Hym-

110 2006 177 2042 num
196 1989 319 2059 plerique
338 2008 404 2060 prae
425 1992 529 2046 laetitia
548 1992 612 2045 novi
623 1985 749 2054 'tppaioo
770 1995 825 2043 tam
838 1989 952 2043 similem
966 1989 1086 2043 Homero

110 2082 195 2135 quam
216 2083 268 2119 ovo
290 2084 371 2120 ovum
392 2068 534 2138 putabant,
556 2085 618 2122 eum
637 2066 683 2121 alii
703 2066 844 2138 iudignum
865 2073 944 2134 vate,
971 2072 1001 2120 at
1021 2067 1088 2120 auti-

111 2141 271 2211 quissimurn
293 2148 321 2196 et
339 2144 504 2200 Homeridee
523 2145 638 2199 alicuius
658 2143 759 2212 fetum,
780 2143 988 2198 Pindemontius
1015 2142 1088 2196 baud

112 2219 233 2288 priorem
253 2216 460 2288 Alexandrinis,
481 2222 596 2292 Ignarra
615 2229 758 2275 centonem
778 2221 986 2275 Moscoviticum
1006 2237 1087 2274 voca·

110 2297 169 2362 bat,
190 2311 206 2349 e
227 2295 363 2350 Pausania
382 2304 410 2353 et
430 2299 537 2353 aliunde
560 2299 674 2353 corrasis
701 2297 821 2368 antiquis
846 2298 970 2352 versibus
996 2296 1088 2350 infima

112 2377 203 2425 aetate
226 2372 452 2442 conglutinatum.
492 2376 672 2431 Ruhnkenius
692 2374 811 2444 quidem,
833 2375 935 2444 optima
955 2374 1088 2428 sententis

112 2448 197 2515 dicta,
220 2465 272 2517 res,
292 2450 388 2520 inquit,
409 2470 426 2506 a
445 2453 541 2522 peritis
561 2452 655 2506 sentiri
674 2459 777 2521 potest,
795 2451 937 2520 imperitis,
958 2450 1023 2519 quid
1043 2451 1087 2513 sit,

112 2523 241 2594 explicari
260 2543 314 2579 non
334 2535 434 2596 potest.
473 2528 514 2581 At
533 2529 586 2582 hoc
606 2536 753 2596 utrumque
774 2528 860 2581 multo
888 2526 1022 2579 difficilius
1047 2531 1088 2578 est

110 2601 194 2655 iniis
216 2599 395 2672 Carminibus,
418 2622 487 2674 quae
506 2605 586 2658 unius
606 2605 651 2658 vel
671 2605 787 2658 duorum
800 2603 971 2658 saeculorum
997 2602 1086 2670 spatio

111 2678 260 2746 disiuncta,
285 2680 421 2749 aequabili
449 2683 476 2735 iu
500 2683 657 2737 uuiversum
683 2689 710 2735 et
736 2681 833 2735 ceteris
857 2678 990 2733 simillima
1014 2678 1085 2731 facie

109 2755 219 2808 fallunt.
253 2754 361 2826 Quippe
381 2757 410 2811 in
429 2758 581 2811 univocum
600 2759 673 2812 idem
692 2775 775 2811 sonus
796 2762 837 2810 est
857 2756 981 2810 omnibus
1000 2755 1087 2821 libris,

113 2833 187 2886 idem
211 2830 321 2886 babitus
355 2835 562 2901 sententiarum,
593 2835 738 2902 orationis,
770 2850 950 2888 numerorum.
995 2831 1087 2901 Quare

110 2923 224 2964 necesse
257 2908 308 2962 erit
339 2913 490 2965 excutiatur
518 2911 666 2981 aliquando
697 2910 913 2975 accuratissime,
944 2908 1010 2979 quid
1040 2907 1087 2960 illa

112 2990 235 3040 extrema
255 2985 389 3055 legentem
409 3005 492 3041 uuum
512 3005 545 3042 ex
564 2988 655 3043 multis
675 2988 728 3041 isto
749 3004 829 3041 seusu
849 2987 994 3051 imbuerit,
1016 3001 1087 3054 quae

112 3060 259 3116 insolentia
278 3062 313 3115 sit
332 3063 359 3116 in
383 3064 523 3119 vocabulis
552 3073 581 3119 et
606 3063 803 3130 locutionibus,
832 3070 860 3117 et
884 3063 985 3133 qualis,
1013 3062 1087 3130 (nam

110 3139 176 3208 ipsa
202 3136 235 3190 Il.
255 3143 284 3197 Α,
317 3143 450 3208 quaedam
478 3141 563 3196 habet
588 3135 665 3194 ἅπαξ
680 3136 836 3209 terrineam)
862 3140 927 3209 quid
952 3139 1087 3192 diversum

114 3222 142 3270 et
164 3213 280 3282 disparis
300 3217 400 3272 coloris
418 3219 447 3272 in
465 3218 608 3272 sententiis
629 3224 658 3269 et
672 3216 884 3270 conformatione
899 3233 1000 3284 earum,
1015 3231 1086 3283 quae

112 3293 230 3364 vestigia
251 3293 355 3347 lateant
375 3295 481 3348 alienae
501 3294 659 3349 imitationis
678 3293 705 3346 iu
726 3293 767 3361 iis,
788 3310 858 3363 quae
879 3308 1005 3361 expressa
1023 3296 1087 3344 sunt

113 3387 147 3423 ex
167 3369 298 3436 Homero,
318 3371 365 3424 ubi
385 3371 462 3426 nervi
482 3371 608 3426 deficiant
628 3388 659 3423 ac
684 3369 795 3438 spiritus
815 3369 991 3434 Homericus,
1019 3365 1085 3438 quid

112 3445 232 3500 ieiunum
253 3452 280 3500 et
299 3445 428 3518 frigidum
447 3449 482 3501 sit
508 3448 535 3501 in
562 3446 629 3500 loeis
654 3445 762 3513 multis,
789 3453 820 3499 ut
839 3445 872 3498 ll.
893 3458 922 3508 φ.
939 3441 998 3494 273.
1024 3461 1084 3514 sqq.

112 3530 140 3577 et
160 3522 187 3577 in
207 3539 303 3594 magna
323 3530 400 3594 parte
420 3519 618 3589 τερατολογίας
636 3523 716 3577 huius
736 3521 807 3592 libri,
828 3528 858 3577 ut
877 3521 904 3576 in
917 3522 1040 3593 proximo
1050 3520 1085 3588 X,

907 3613 935 3654 μ
