2702 4124
498 271 729 366 -n-‘

101 475 156 539 est,
178 469 206 524 in
227 471 318 540 primis
339 488 447 540 eorum,
469 472 516 542 qui
535 471 590 524 vim
609 470 718 526 humani
738 472 837 541 ingenii
856 472 884 526 in
902 472 956 526 hoc
975 488 1075 543 genere

100 547 193 602 metiri
220 553 334 616 possunt
360 565 393 602 ex
412 566 461 602 suo
482 549 606 618 ingenio,
635 555 662 602 et
688 548 817 603 iudicium
841 550 908 603 artis
933 549 1076 604 subactum
1134 559 1137 566 “

101 623 208 678 habeut
218 625 389 694 antiquarum
399 625 549 679 litterarum
561 625 724 695 cognitione,
736 625 989 694 Klopstockiorum,
1001 625 1075 680 Wie-

101 699 258 768 landorum,
278 703 448 756 Vossiorum.
483 702 553 756 Nam
573 701 731 772 vulgaribus
747 701 983 756 Gallofrancorum
997 719 1075 772 prae·

102 777 193 846 ceptis
221 783 248 831 et
272 779 394 831 formulis
422 779 492 848 epici
513 777 644 832 Carminis
668 777 785 832 faciendi
805 777 871 832 nihil
890 779 925 834 ad
945 796 1077 834 summam

103 854 145 907 rai
165 853 331 922 proficimus.
364 853 460 924 Neque
482 855 551 909 euim
572 856 637 908 satis
651 861 700 922 est,
720 854 834 909 artificia
855 855 994 924 utriusque
1015 872 1075 909 cor·

100 930 178 1000 poris
200 929 335 998 admirari,
357 949 426 1000 quae
439 948 510 985 nunc
524 931 623 998 insunt,
644 932 796 1000 primariam
817 931 953 1001 quandam
973 938 1001 984 et
1014 932 1075 985 sim-

101 1007 203 1075 plicem
217 1002 325 1071 πρᾶξιν,
343 1008 370 1060 in
384 1009 499 1062 maxima
513 1009 643 1062 varietate
657 1025 747 1061 rarum
762 1013 789 1062 et
803 1015 961 1062 eventorum
974 1007 1075 1076 ubique

103 1084 293 1152 conspicuam,
319 1102 400 1137 unum
426 1090 516 1138 actum
536 1101 569 1138 ex
588 1085 713 1139 universa
732 1085 844 1138 historia
864 1079 976 1138 Troiani
995 1083 1074 1152 belli,

104 1157 148 1231 [of.
169 1160 262 1213 Briefe
282 1179 316 1213 an
330 1161 427 1231 Heyne
447 1179 473 1230 p.
496 1159 559 1234 120]
581 1179 663 1214 unum
683 1161 794 1214 heroiim
814 1161 952 1230 selectum,
972 1161 1077 1229 reliqua

100 1237 137 1290 ad
159 1236 344 1290 exornandum
357 1238 460 1292 scilicet
474 1237 571 1292 callide
585 1239 759 1308 interposita3
780 1237 824 1290 hic
845 1239 935 1292 omnia
954 1237 989 1291 ad
1009 1237 1076 1290 iram

100 1312 220 1366 Achillis
240 1312 338 1380 relata,
359 1315 414 1367 illic
433 1315 469 1369 ad
483 1315 590 1386 Ulysais
610 1315 742 1382 reditum3
763 1315 829 1368 nihil
849 1332 903 1368 nou
923 1315 992 1368 bena
1013 1330 1075 1368 con·

99 1391 252 1458 tinuatum,
272 1390 339 1443 nihil
364 1398 577 1460 praeposterum,
598 1392 665 1445 nihil
685 1391 881 1460 perturbatum,
901 1391 968 1445 nihil
987 1390 1074 1446 hians.

99 1465 189 1520 Plura
200 1466 297 1519 horum
306 1484 370 1520 vere
380 1464 514 1522 dilaudari
523 1466 568 1538 85),
583 1469 643 1538 quis
654 1466 756 1538 neget?
770 1467 803 1521 de
816 1467 940 1539 Odyssea
952 1467 1075 1534 maxime,

101 1543 180 1596 cuius
202 1540 366 1598 admirabilis
387 1562 490 1599 summa
510 1551 538 1598 et
558 1561 704 1614 compages
724 1561 772 1612 pro
788 1545 1004 1614 praeclarissimo
1019 1560 1074 1597 mo-

100 1624 233 1673 numento
255 1618 353 1674 Graeci
373 1621 473 1690 ingenii
494 1621 618 1674 habenda
638 1627 687 1675 est.
726 1621 797 1676 Nam
816 1623 843 1674 in
858 1621 943 1674 Iliade
956 1619 1076 1674 nondum

101 1695 231 1766 deposita
252 1702 314 1749 sunt
334 1699 481 1752 certamina
500 1698 618 1750 virorum
640 1698 783 1751 doctorum
796 1698 829 1751 de
843 1716 932 1751 rerum
946 1698 1034 1767 capite
1048 1704 1076 1751 et

99 1778 263 1843 argumento
284 1773 421 1841 primario.
460 1775 504 1829 De
525 1791 579 1843 quo
600 1780 738 1844 utcunque
760 1775 971 1841 existimabitur,
998 1780 1026 1826 et
1045 1779 1076 1827 nt

102 1867 200 1903 sensus
221 1846 413 1912 προεκθέσεως
431 1851 588 1920 longissime
602 1857 703 1919 pateat,
725 1851 837 1920 (qnippe
852 1850 1022 1904 suffecissent
1034 1849 1076 1901 illi

99 1927 209 1996 aliquot
234 1928 399 1996 proeliorum
425 1927 538 1981 absente
560 1925 668 1981 Achille
692 1926 826 1980 factorum
853 1926 1074 1994 descriptionem)

101 2019 242 2072 nunquam
255 2009 344 2057 tamen
359 2004 440 2058 certis
453 2004 620 2074 argumentis
640 2004 790 2069 docebitur,
812 2009 914 2072 septem
934 2003 995 2055 illos
1016 2018 1074 2055 ver-

100 2097 148 2132 sus
170 2079 320 2148 quidquam
339 2081 411 2134 ultra
430 2081 587 2149 promittere
608 2097 689 2149 qnam
702 2079 804 2134 XVIII
818 2079 986 2149 rhapsodias.
1023 2077 1075 2132 Re-

101 2157 195 2226 liquae
215 2173 270 2209 nou
290 2157 357 2210 iram
376 2154 492 2210 Achillis
513 2159 540 2210 in
560 2155 793 2226 Agamemnonem
818 2164 845 2211 et
866 2155 987 2210 Graecos
1012 2171 1075 2209 con·

100 2233 198 2300 tinent,
219 2231 268 2286 sed
288 2251 401 2302 novam,
425 2252 443 2288 a
469 2235 559 2303 priore
586 2234 667 2304 longe
688 2233 821 2287 diversam
840 2234 1001 2304 minimeque
1020 2232 1074 2285 illis

98 2324 223 2379 gravem,
243 2308 272 2361 id
292 2315 333 2362 est
354 2311 411 2363 elus
430 2311 499 2380 irae,
527 2327 608 2380 quam
635 2311 722 2363 solafn
742 2311 786 2363 isti
806 2327 900 2364 versus
921 2310 1073 2379 designant,

99 2384 288 2455 appendicem.
329 2385 433 2455 Quodsi
454 2386 542 2440 omnia
556 2385 722 2441 Graecorum
743 2387 777 2439 ad
793 2387 904 2440 Troiam
923 2391 1002 2456 gesta
1016 2401 1072 2438 om-

172 2596 205 2664 ω)
224 2597 349 2648 GontInuo
367 2596 458 2647 salsum
476 2605 522 2658 est,
541 2598 609 2663 qnod
627 2603 726 2663 poetam
744 2597 769 2647 in
788 2596 867 2648 Iliade
879 2597 992 2647 universo
1005 2596 1074 2648 bello

100 2667 239 2717 artificiose
257 2681 332 2715 usum
350 2674 442 2731 putant
459 2667 490 2716 ad
509 2666 648 2716 ornandum
666 2677 692 2716 et
709 2666 917 2730 amplificandam
939 2681 1073 2732 argumen-

102 2743 157 2784 tum
176 2750 258 2784 eunm.
295 2735 421 2799 Repetunt
438 2735 488 2784 hoc
506 2752 540 2784 ex
562 2743 622 2784 vett.
641 2735 826 2794 Grammaticis,
848 2735 874 2783 in
897 2751 934 2800 pr.
957 2733 1075 2786 Eustath.

103 2821 128 2868 p.
148 2803 183 2863 7,
202 2801 245 2868 qni
262 2801 420 2867 ineptissima
437 2803 462 2852 iu
481 2802 548 2854 hanc
565 2805 717 2854 sententiam
734 2803 821 2861 effert,
844 2801 968 2852 contrade
990 2803 1071 2868 etiam,

102 2870 151 2920 etsi
168 2869 218 2920 hoo
234 2886 285 2920 non
309 2868 417 2934 capitale
440 2870 518 2931 duco,
543 2871 703 2922 Aristoteleis
728 2871 753 2919 iu
777 2872 852 2922 Poet.
876 2888 897 2920 c.
918 2871 958 2923 23.
992 2870 1073 2920 Immo

103 2937 144 2988 illi
161 2938 254 3004 partim
272 2955 321 2988 nou
340 2937 448 2988 obscure
465 2938 615 3004 significant,
629 2949 709 2990 totum
722 2938 816 2989 bellum
828 2939 853 2988 in
865 2938 945 2988 Iliade
957 2938 1073 2989 describi.

103 3008 128 3056 A
144 3007 242 3057 talibus
260 3005 386 3072 magistris
404 3023 454 3056 non
473 3009 597 3073 profectus
616 3016 732 3057 nentrum
750 3007 776 3057 in
795 3023 826 3056 aa
842 3007 898 3056 fieri
915 3007 973 3056 data
996 3021 1074 3072 opere

103 3074 233 3134 fatebitur,
252 3091 298 3125 nec
315 3073 391 3124 aliam
413 3083 490 3124 artem
509 3091 639 3140 apparere,
658 3075 706 3124 nisi
725 3091 788 3134 eam,
807 3091 882 3141 quam
896 3075 981 3138 plures
992 3073 1072 3124 histo-

103 3145 148 3192 rici
167 3145 352 3207 quaesirerunt,
371 3144 416 3208 qui
434 3144 520 3192 breves
539 3153 621 3209 partes
640 3143 760 3192 historiae
772 3143 941 3209 singularibus
954 3142 1072 3208 operibns

101 3213 227 3275 complexi
244 3219 312 3270 sunt,
335 3210 375 3260 vel
398 3228 473 3276 qnam
491 3209 577 3261 Cicero
595 3211 713 3272 Lucceio,
738 3219 837 3277 sperato
862 3227 944 3261 rerum
967 3224 1072 3260 suarum

104 3279 228 3344 scriptori,
247 3279 404 3329 commendat
411 3279 590 3341 festinationis
607 3295 696 3339 cansa,
714 3291 816 3343 rogans,
834 3286 862 3327 ut
879 3295 897 3328 a
920 3276 1072 3326 continenti-

105 3347 150 3395 hna
168 3346 219 3396 tais
236 3345 346 3410 scriptis,
365 3346 394 3396 in
412 3346 502 3411 quibua
516 3354 667 3411 perpetuam
683 3361 767 3395 rerum
791 3353 919 3412 gestarum
942 3342 1073 3393 dictoriam

103 3414 287 3478 complecteris,
305 3430 420 3464 secernas
443 3413 510 3464 hanc
534 3415 608 3479 quari
621 3412 744 3477 fabulum
766 3429 850 3463 reram
874 3419 1072 3476 eventorumque

104 3489 254 3533 neutrorum.
291 3481 414 3548 Scriptori
431 3483 505 3533 huius
522 3483 623 3547 generis
640 3483 703 3532 adeo
722 3497 799 3546 saepe
817 3496 921 3532 necesse
938 3487 997 3540 est,¹
1014 3479 1072 3530 fini·

104 3557 156 3600 tum
174 3551 261 3601 orbem
280 3551 367 3617 egredi
385 3561 411 3602 et
428 3552 512 3618 priora
531 3551 650 3602 intexere.
