2694 4116
657 319 848 372 ..gg-

267 476 407 531 codicibus
425 476 586 531 instructum
606 475 681 530 illum
701 475 812 531 credere
838 477 978 548 videntur,
1006 480 1081 548 (nam
1106 479 1236 534 affirmata

266 553 343 622 loqui
355 570 410 607 non
423 552 545 623 audent)
560 553 745 608 confusionem
758 554 898 622 paullatim
913 573 929 608 a
945 555 1159 610 seminatoribus
1173 555 1236 613 Cer-

267 630 367 682 minum
388 629 491 683 iactam
512 629 668 697 sustulisse,
695 647 727 684 ac
752 647 806 683 nou
826 636 881 684 tem
901 649 1002 685 novum
1027 633 1149 686 ordinem
1169 633 1236 687 desi·

266 722 364 776 gnasse
383 723 465 776 quam
488 706 630 776 pristinum
655 712 682 760 et
707 707 853 776 genuinum
880 709 1039 762 restituisse.
1081 709 1146 762 Huc
1173 725 1238 778 ergo

267 781 380 836 trahunt
401 782 525 837 Carmina
544 784 591 837 illa
610 785 733 852 confusa,
755 778 1008 846 διεσπασμένα,
1027 781 1238 851 διῃρημένα,

269 855 408 925 σποράδην
426 853 593 927 ᾀδόμενα,
619 861 694 914 velut
719 859 832 913 disiecta
857 867 885 913 et
907 862 1018 915 turbata
1036 863 1104 916 vitio
1126 863 1238 932 rhapso-

270 937 381 1005 dorum;
402 936 564 1006 omninoque
584 943 687 990 tanturn
707 937 735 990 in
755 937 808 990 hoc
827 938 937 1006 negotio
952 938 1113 1008 relinquunt
1127 938 1240 1003 homiui,

269 1012 316 1082 qui
336 1030 369 1066 ex
389 1030 421 1068 so
441 1014 501 1082 ipso
521 1013 664 1067 maximam
683 1014 781 1066 lamam
802 1013 960 1068 eruditionis
982 1021 1147 1069 consecutus
1168 1014 1238 1080 estl,

269 1098 399 1159 quantum
424 1089 506 1143 hodie
531 1090 666 1144 interdum
684 1089 895 1160 negligentiores
915 1091 1062 1162 scriptores
1081 1093 1240 1162 relinquunt

270 1183 352 1220 curae
372 1167 614 1237 typographorum.

347 1242 422 1296 Beue
442 1260 470 1297 se
490 1242 622 1298 habereut
641 1244 709 1297 baec
730 1243 832 1309 omnia,
858 1243 881 1296 si
909 1243 952 1304 de,
964 1262 1049 1314 opere
1069 1245 1157 1299 nostri
1176 1250 1240 1298 tem·
1323 1243 1324 1248 ’

269 1319 343 1389 poris
364 1324 546 1388 quaereretur,
567 1326 614 1374 aut
634 1321 657 1374 si
677 1320 742 1374 olim
762 1319 855 1390 scripti
874 1319 935 1374 libri
956 1320 1071 1375 fuissent
1091 1329 1155 1376 ante
1170 1321 1237 1374 Pisi·

269 1402 393 1460 suatum,
413 1395 597 1466 rhapsodique
610 1398 688 1462 talea,
710 1397 803 1466 quales
823 1397 857 1450 ab
878 1397 936 1450 istis
956 1397 1105 1467 finguntur,
1126 1399 1150 1452 si
1165 1397 1238 1452 deni-

271 1489 324 1541 que
343 1473 414 1525 ullus
434 1478 513 1526 vetus
533 1481 628 1526 auctor
648 1473 727 1527 buius
747 1473 977 1543 interpretationis
998 1481 1125 1528 exstaret.
1160 1475 1238 1530 Nam·

271 1565 324 1618 que
344 1548 539 1618 ineptissimum
559 1549 595 1603 sit
614 1549 682 1604 illud
702 1551 897 1620 argumentari,
922 1550 995 1620 quod
1016 1568 1071 1605 uon
1090 1550 1177 1621 vulgo
1197 1567 1242 1604 ve-

270 1625 383 1691 teribus,
404 1643 486 1694 quum
501 1625 534 1679 de
548 1626 661 1695 pulchra
674 1627 870 1696 compositione
884 1627 979 1680 horum
994 1626 1149 1681 Oerminnm
1165 1643 1238 1697 prae·

273 1701 371 1768 dicant,
392 1701 549 1756 Pisistratus
568 1702 695 1756 laudatur
714 1721 764 1773 pro
778 1704 907 1757 Homero.
942 1702 1080 1775 Persaepe
1103 1705 1132 1757 id
1153 1703 1242 1758 evenit

272 1778 299 1831 in
320 1778 443 1843 historia,
463 1785 494 1832 ut
513 1779 665 1834 tralaticiae
685 1796 767 1832 voces
781 1780 978 1850 redarguantur
991 1781 1080 1847 factis,
1103 1787 1131 1835 et
1151 1787 1182 1834 nt
1203 1797 1240 1834 re·
1325 1783 1326 1788 ’

272 1855 334 1923 bus,
355 1872 422 1925 quas
442 1873 520 1911 nemo
540 1874 593 1910 non
614 1873 664 1926 pro
684 1856 755 1910 veris
776 1857 880 1921 habuit,
901 1857 982 1927 longe
1002 1858 1056 1910 alia
1076 1874 1241 1927 consequen-

272 1933 313 1986 tia
333 1933 394 1999 sint,
416 1950 497 2002 quam
516 1933 536 1985 ii
556 1933 818 1998 animadvertebant,
840 1933 885 2001 qui
906 1934 967 1987 illas
987 1935 1145 1988 attulerunt.
1179 1934 1243 1986 Aru-

273 2009 392 2078 biguitas
413 2026 487 2077 vero,
509 2027 589 2078 quam
609 2010 672 2063 huic
692 2010 820 2064 mentioni
842 2010 1014 2063 confusorum
1029 2009 1186 2064 carminum
1206 2010 1242 2062 in·

275 2101 334 2138 esse
354 2090 461 2153 putant,
481 2088 609 2139 continuo
636 2087 773 2140 evanescit
793 2087 994 2155 comparatione
1016 2104 1110 2140 eorum
1131 2088 1243 2156 scripto-

274 2178 343 2225 rum,
365 2161 411 2228 qui
430 2178 488 2214 rem
507 2163 599 2231 paullo
620 2163 697 2216 aliter
716 2170 851 2217 narratam
872 2163 1053 2233 reliquerunt,
1079 2163 1194 2232 Iosephi
1219 2168 1245 2216 et

276 2235 393 2304 Aeliani,
414 2254 463 2290 seu
482 2239 574 2307 potius
595 2240 796 2307 comparatione
816 2239 925 2293 illorum
951 2240 1077 2293 omnium.
1113 2239 1243 2304 Collecte,
1326 2251 1327 2258 ’

276 2330 330 2366 non
344 2313 490 2368 recollecta
504 2313 637 2382 Carmina,
658 2322 686 2368 et
706 2316 836 2368 adscitam
856 2323 940 2370 artem
956 2315 1170 2385 compositionis,
1191 2333 1243 2369 non

278 2389 373 2442 critico
388 2390 477 2444 studio
492 2401 656 2456 revocatam,
671 2391 764 2445 inillis
779 2393 905 2446 omuibus
918 2392 1036 2461 reperiet
1050 2410 1155 2446 mecum
1166 2410 1244 2446 uuus·

277 2466 400 2535 quisque,
422 2467 467 2536 qui
488 2469 568 2522 modo
589 2474 693 2522 attente
713 2469 818 2539 legerit,
839 2487 926 2538 neque
940 2468 1088 2537 cupiditate
1104 2476 1132 2524 et
1146 2475 1245 2523 temere

277 2544 363 2613 captis
384 2544 556 2614 opinionibus
576 2551 736 2600 occaecatus
756 2545 871 2598 libenter
891 2553 982 2599 careat
1001 2547 1061 2599 luce
1075 2547 1208 2599 veritatis.

354 2619 441 2690 Atqui
460 2621 539 2675 huius
560 2621 647 2676 famae
667 2622 852 2688 constantiam,
874 2622 949 2675 cuius
969 2622 1013 2675 vel
1027 2623 1080 2675 ista
1092 2628 1135 2675 tot
1148 2622 1244 2674 iudicia

278 2695 344 2750 satis
363 2700 460 2751 mirere
480 2715 512 2752 ex
530 2700 563 2752 iis
584 2699 760 2768 temporibus,
781 2698 879 2768 quibus
897 2697 998 2752 dudum
1012 2716 1084 2753 nova
1097 2699 1185 2752 torma
1199 2699 1244 2752 ho·

346 2873 368 2940 ⁷)
391 2875 486 2924 Eodem
509 2875 634 2940 pertinere
660 2875 763 2925 arbitror
786 2877 877 2925 lamam
901 2875 933 2924 de
954 2874 1035 2940 prima
1056 2873 1211 2925 bibliotheca
1231 2892 1245 2924 a

278 2943 411 2994 Pisistrato
430 2943 539 3003 condita,
559 2945 605 2996 etsi
623 2947 686 2994 satis
704 2945 796 2993 recenti
820 2943 935 3010 scriptori
958 2952 1135 3003 memoratam,
1161 2943 1245 2993 Gellio

279 3012 324 3070 VI,
343 3013 383 3064 ll.
412 3009 469 3060 Non
488 3012 554 3060 enim
573 3013 677 3078 reperio,
691 3011 733 3077 qui
745 3012 789 3061 alii
801 3023 899 3078 praeter
910 3011 1048 3061 Homerum
1060 3012 1144 3061 inesse
1155 3023 1244 3077 potue·

279 3081 331 3131 riut
348 3079 488 3144 scriptores,
507 3095 582 3145 quum
602 3080 697 3146 aliquot
716 3086 814 3145 poetae,
827 3097 907 3146 nuper
920 3079 1019 3129 demum
1032 3081 1070 3129 rel
1083 3079 1164 3144 ipsius
1177 3081 1244 3128 iussu

279 3149 420 3218 perscripti.
446 3149 567 3214 Idemque
585 3150 744 3199 sentiendum
757 3149 861 3198 fortasse
875 3149 906 3198 de
917 3148 1051 3211 Polycrate
1065 3146 1160 3208 Samio,
1173 3163 1244 3213 quens

279 3226 381 3285 propter
399 3216 521 3266 librorum
545 3217 715 3282 parandorum
738 3217 851 3266 studium
877 3233 933 3266 cum
957 3215 1092 3266 Pisistrato
1116 3218 1244 3281 coniungit

279 3287 372 3339 Athen.
390 3284 410 3335 1.
429 3302 454 3350 p.
477 3285 502 3338 3.
525 3286 555 3336 A.
596 3283 721 3335 Nimirum
746 3284 913 3335 bibliothecae
935 3284 993 3333 illas
1016 3284 1112 3334 similes
1136 3283 1244 3343 fuerunt,

279 3354 307 3404 ni
324 3354 409 3414 fallor,
427 3371 519 3416 carum,
538 3371 601 3419 quae
619 3354 644 3403 iu
662 3352 765 3418 templis
784 3354 927 3414 nonnullis,
953 3354 1029 3402 etiam
1053 3353 1079 3402 iu
1097 3351 1242 3418 Hierosoly·

280 3425 386 3483 mitauo,
404 3422 533 3489 depositae
551 3422 676 3485 feruntur,
695 3423 781 3488 paucis
806 3431 950 3472 constantes
973 3422 1073 3486 scriptis
1098 3430 1123 3471 at
1145 3421 1243 3470 nomine

281 3507 336 3551 suo,
353 3501 427 3556 prout
444 3492 519 3542 bodie
536 3501 684 3557 usurpatur,
709 3506 796 3556 parum
820 3489 925 3555 diguae;
948 3487 1038 3538 similis
1062 3489 1145 3538 forsan
1172 3490 1242 3540 etiam

280 3559 327 3609 illa
339 3558 486 3626 Smyrnaea,
500 3559 571 3610 cuius
583 3575 701 3610 unacum
710 3559 835 3609 Homereo
847 3558 961 3608 meminit
969 3556 1061 3608 Strabo
1070 3557 1139 3610 XIV.
1151 3575 1176 3624 p.
1190 3557 1243 3612 ste.
