2702 4124
596 1187 625 1260 Ι.

121 1349 247 1456 Duplex
267 1386 294 1438 in
307 1383 400 1454 primis
413 1401 498 1455 genus
513 1391 554 1439 est
569 1385 774 1454 emendationis,
795 1385 867 1457 quod
882 1386 958 1442 libris
972 1393 1093 1444 veterum

121 1458 261 1516 admoveri
283 1467 310 1515 et
330 1467 421 1530 potest
441 1467 468 1516 et
488 1462 574 1530 solet,
596 1468 626 1515 ut
647 1479 663 1516 a
683 1463 756 1517 vitiis
777 1469 805 1518 et
825 1463 951 1534 maculis,
972 1482 1039 1534 quas
1060 1482 1094 1520 ex

120 1537 205 1608 longa
224 1538 441 1608 peregrinatione
461 1539 489 1592 in
509 1539 662 1593 barbariem
683 1539 771 1594 varias
796 1541 979 1610 plurimasque
1004 1547 1094 1596 traxe·

119 1621 191 1682 runt,
207 1615 324 1681 liberati,
338 1615 449 1684 propius
464 1615 498 1668 ad
512 1616 652 1685 antiquam
667 1621 694 1670 et
708 1634 784 1669 suam
798 1617 912 1670 formam
923 1623 1093 1674 revocentur.

121 1692 249 1744 Alterum
276 1691 337 1761 plus
362 1692 464 1762 negotii
492 1697 532 1758 et,
559 1709 645 1761 paene
673 1692 798 1761 dixerim,
825 1709 967 1748 aerumnae
994 1694 1092 1764 babet3

121 1768 236 1822 alterurn
255 1769 317 1838 plus
338 1768 441 1823 otiosae
456 1768 655 1822 delectationis:
676 1774 830 1838 utrumque,
852 1777 925 1839 recte
945 1770 967 1824 si
981 1771 1093 1825 adhibe·

119 1851 178 1911 tur,
199 1844 264 1898 utile
285 1850 339 1913 est3
362 1849 391 1897 at
410 1845 524 1898 alterum
545 1845 647 1900 utilius.
678 1845 748 1900 Nam
769 1846 816 1916 qui
837 1847 945 1914 optimis
966 1846 1093 1902 subsidiis

120 1922 166 1974 vel
186 1922 294 1974 minime
314 1920 470 1990 instructus,
492 1922 651 1991 scriptorem
672 1922 751 1975 nobis
771 1923 979 1977 emendatiorem
993 1923 1092 1990 reddit,

119 1999 178 2050 sive
197 1997 306 2067 ingenio
327 2014 393 2064 suo,
418 1998 476 2051 sive
496 2015 645 2067 paucorum
663 1998 797 2052 librorum
817 2016 881 2067 usu3
905 2000 1027 2068 quamvis
1047 2000 1093 2054 vix

119 2073 232 2144 triginta
245 2090 347 2128 naevos
360 2075 509 2142 sustulerit,
530 2081 638 2128 centum
658 2074 802 2144 relinquat,
823 2093 883 2130 eum
903 2083 993 2129 tamen
1013 2092 1092 2130 nemo

120 2150 155 2204 de
175 2150 253 2212 bonis
273 2150 370 2204 litteris
392 2150 460 2206 bene
480 2152 575 2206 mereri
595 2157 684 2222 neget.
724 2151 823 2221 Itaque
843 2169 886 2205 res
907 2152 965 2205 fieri
985 2152 1092 2206 solebat

120 2232 179 2280 tum
193 2227 316 2295 maxime,
339 2245 421 2296 quum
441 2227 503 2281 libri
525 2229 628 2282 calamo
649 2227 747 2296 scripti
764 2245 818 2282 non
832 2227 871 2282 ita
884 2228 989 2298 pridem
1007 2229 1092 2298 prelis

118 2303 217 2357 subiici
239 2304 406 2374 coepissent,
435 2305 517 2374 inque
538 2305 595 2358 dies
623 2321 726 2357 summa
751 2321 884 2359 novorum
910 2303 1092 2358 subsidiorum

117 2381 287 2450 exspectatio
311 2387 392 2434 esset.
424 2381 512 2450 Quem
534 2398 635 2434 morem
655 2386 752 2450 postea
771 2381 893 2450 plerique
913 2387 977 2436 sunt
994 2381 1092 2434 imitati

118 2457 154 2510 ad
167 2463 289 2511 nostram
310 2463 435 2525 aetatem,
457 2458 537 2511 etiarn
558 2457 585 2510 in
606 2457 640 2510 iis
654 2457 840 2527 scriptoribus,
861 2458 907 2527 qui
929 2457 1024 2511 critica
1036 2475 1091 2510 ma·

117 2533 188 2586 teria
214 2541 241 2588 et
270 2534 342 2587 omni
368 2551 466 2603 genere
492 2535 706 2588 adiumentorum
733 2533 910 2588 abundarent.
959 2534 1092 2589 Nimirum

117 2611 197 2680 pauci
217 2627 349 2664 novarum
369 2610 559 2664 recensionum
580 2617 705 2664 auctores
725 2611 765 2664 ita
785 2616 882 2681 agunt,
903 2615 951 2664 aut
971 2627 1030 2664 earn
1051 2611 1091 2666 la·

117 2687 193 2740 boris
213 2686 370 2756 patientiam
391 2687 521 2755 afferunt,
549 2693 579 2741 ut
600 2704 633 2741 ex
653 2687 721 2740 locis
741 2687 807 2741 satis
833 2704 915 2756 saepe
943 2687 1091 2741 reconditis

120 2768 148 2818 et
163 2763 317 2834 disparatis,
338 2765 365 2817 in
379 2763 526 2834 primisque
542 2780 575 2817 ex
594 2763 734 2818 veteribus
755 2763 963 2833 exemplaribus,
985 2781 1091 2818 omnem

117 2841 277 2894 varietatem
290 2840 414 2894 lectionis
429 2841 602 2910 contrahant,
623 2857 677 2909 qua
692 2840 787 2894 deinde
802 2857 862 2894 cum
881 2840 998 2910 vulgatis
1018 2857 1091 2894 com-

116 2924 228 2986 parata,
253 2923 422 2972 constantem
443 2917 658 2971 emendationem
679 2917 878 2987 aggrediantur.
918 2918 1005 2972 Immo
1027 2933 1090 2971 con·

117 2993 217 3047 sistunt
229 2993 287 3064 fere
307 3001 364 3049 tum
378 2995 494 3061 demum,
516 2994 563 3048 ubi
584 2994 740 3064 impeditior
757 3010 851 3048 sensus
864 2995 910 3048 vel
923 2994 984 3064 ipsa
999 2994 1090 3063 specie

116 3069 287 3124 manifestum
307 3071 402 3124 vitium
422 3070 564 3141 obiicitur;
593 3071 647 3124 iam
667 3070 701 3124 ad
721 3069 810 3124 varias
831 3070 963 3125 lectiones
983 3075 1031 3124 aut
1054 3070 1090 3124 ad

115 3153 196 3201 vetus
223 3148 358 3218 exemplar
385 3147 559 3218 confugiunt,
586 3147 670 3201 surda
695 3147 856 3216 plerumque
883 3148 1007 3214 oracula,
1037 3147 1090 3200 nisi

116 3229 273 3278 constanter
299 3224 510 3278 consulentibus.
556 3224 653 3293 Neque
677 3224 792 3278 multum
819 3223 926 3278 diversa
950 3223 1020 3278 ratio
1048 3229 1090 3277 est

117 3317 227 3369 eorum,
249 3301 309 3370 qui,
330 3301 501 3371 quantumvis
522 3301 655 3355 interdum
675 3301 748 3354 docti
769 3317 801 3354 ac
822 3300 961 3367 sollertes,
982 3315 1090 3353 omnem

116 3377 331 3432 emendationem
352 3396 384 3432 err
404 3377 509 3447 aliquot
528 3377 660 3431 librorum
673 3376 755 3430 MSS.
775 3377 829 3431 fide
850 3392 1007 3446 suspensam
1028 3392 1089 3430 esse

115 3454 226 3521 volunt,
248 3460 296 3509 aut
315 3456 361 3526 qui
381 3459 469 3526 texta,
491 3470 561 3524 quae
581 3459 728 3521 vocantur,
748 3454 829 3524 plane
851 3452 934 3507 edunt
955 3452 990 3506 ad
1009 3451 1089 3506 unius

117 3531 287 3601 exemplum3
309 3533 385 3586 velut
404 3531 450 3586 isti
469 3531 580 3586 tandem
599 3530 662 3586 libri
684 3530 719 3585 ad
738 3529 876 3601 scriptoris
896 3530 1010 3584 salutern
1025 3528 1089 3583 fatis

115 3605 247 3662 destinati
270 3614 368 3663 essent.

166 3699 252 3751 Wolf,
267 3700 435 3750 prolegomena.
884 3682 896 3721 ¹
