2694 4116
521 329 733 386 -125-

211 492 283 562 Nam
308 491 376 548 de
368 490 401 546 ris
428 492 500 556 vitiis
521 496 549 546 et
569 489 721 558 erroribus,
747 489 846 559 quibus
872 505 979 552 ornnem
1006 491 1040 542 οι
1054 487 1113 541 Ho-

131 569 252 626 mericus
272 575 299 623 et
313 567 436 623 Graecae
457 567 587 622 orationis
606 583 698 621 veram
718 565 850 630 rationem
864 571 1020 638 pervertere
1035 561 1116 627 nide-

132 653 189 712 tur,
209 643 317 710 aliter
309 663 336 699 ιιι
355 644 466 700 saeculo
486 643 670 714 grammaticis
684 643 837 713 praeceptis
851 643 1014 706 abundante,
1036 641 1116 694 a'liter

133 723 163 776 iu
181 687 233 775 itin
253 727 374 777 statuere
395 721 530 775 convenit.
571 718 645 774 Ante
670 720 739 774 enim
760 729 841 808 quarn
862 718 955 791 lingna
974 715 1009 770 ad
1030 717 1117 772 subti-

128 799 243 852 ‘litatem
270 803 400 868 praecept
402 814 478 850 orum
505 796 638 850 curiosius
665 796 788 850 revocari
814 806 913 866 coepta
933 799 1006 860 eret,
1034 795 1117 847 etiam

134 873 279 964 ingenioso
300 874 357 928 labi
377 874 455 927 licuit
476 880 504 928 et
524 873 689 927 inconstanti
709 889 768 927 esse
788 873 815 926 in
835 871 889 926 hoe
908 886 1019 943 genere,
1041 869 1117 940 quod

136 950 247 1039 ingenio
269 951 356 1006 minus
377 967 457 1020 quam
478 955 537 1011 arte
557 950 668 1020 regitur.
709 949 775 1022 Ipsa
800 964 865 1006 vero
894 963 1041 1039 amquam
1062 945 1117 999 exi-

137 1025 201 1098 guis
220 1027 247 1096 iu
267 1021 350 1082 rebus
370 1025 470 1082 titubet
491 1043 599 1083 cursum
619 1023 781 1096 ingrediens,
803 1042 938 1096 quamque
957 1023 987 1080 ei
1001 1039 1117 1092 pronum

135 1104 181 1171 sit,
203 1091 268 1166 dum
286 1103 358 1158 inter
378 1087 603 1158 consuetudinem
630 1103 792 1172 scriptorum
817 1109 847 1156 et
860 1101 1015 1172 legitimam
1035 1099 1117 1154 ratio-

132 1196 198 1246 nem
221 1179 370 1238 diiudieare
391 1177 500 1246 studet,
525 1180 613 1234 abt
583 1185 613 1234 ut
614 1196 698 1248 reque
718 1195 814 1234 norma
833 1177 1020 1248 imprudenter
1039 1175 1118 1231 abet·

133 1273 206 1324 rare,
227 1256 326 1310 nemini
347 1254 511 1325 intelligenti
531 1255 677 1310 obscnmm
690 1270 751 1308 esse
764 1261 865 1324 potest.
896 1250 1118 1323 Itaque.fusrunt

132 1331 401 1400 interdumcruditi,
423 1333 469 1401 qui
490 1331 653 1401 Varronem,
674 1337 703 1385 et
723 1331 747 1384 si
767 1331 814 1400 qui
834 1331 914 1384 buius
933 1328 1063 1399 aequales
1085 1327 1119 1381 de

135 1408 228 1462 'causis
254 1407 387 1464 sermonis
407 1407 499 1462 Latini
524 1410 685 1478 anquirunt,
712 1407 888 1477 contemptim
911 1406 1059 1460 invitarent
1083 1402 1119 1456 ad

137 1483 247 1540 scholas
268 1497 345 1551 suam·
362 1491 393 1538 ut
414 1501 484 1554 quae
506 1485 570 1539 olim
590 1485 691 1538 frustra
711 1485 923 1555 quaesivissent,
944 1481 1071 1536 facillime
1092 1485 1119 1534 et

135 1561 342 1620 accuratissime
368 1561 512 1616 discerent.
557 1561 589 1615 In
619 1561 767 1631 primisque
798 1577 879 1630 saepe
905 1559 986 1629 periti
1011 1556 1120 1630 linguae

136 1635 309 1728 Hebraicae,
325 1637 402 1692 cuius
422 1643 515 1693 tamen
536 1639 695 1707 quantillum
714 1641 820 1708 partem
834 1636 1060 1706 complectantur,
1080 1633 1121 1686 vi-

137 1714 264 1768 deriut'
256 1715 329 1784 ipsi,
360 1713 484 1769 deridere
509 1715 599 1768 solent
624 1714 769 1768 Philonem
793 1714 938 1778 Iudaeum,
965 1709 1119 1784 Origenem,

137 1789 347 1862 Hieronymum,
369 1797 465 1860 utpote
486 1808 602 1862 qnorum
623 1789 743 1865 cognitio
763 1789 885 1845 florentis
905 1753 996 1844 adhuc
1010 1787 1119 1856 linguae

140 1867 224 1937 longe
243 1873 349 1922 remota
370 1873 429 1922 erat
448 1867 483 1922 ab
504 1884 537 1922 ea
552 1867 712 1932 subtilitate,
733 1883 815 1935 quam
830 1865 963 1936 professio
979 1863 1119 1924 Gramma·

131 1941 186 2002 titi
207 1943 330 2014 exigeret
339 1942 398 2013 ⁷⁴)

216 2037 310 2108 Atque
337 2038 372 2092 ad
400 2038 471 2124 hano
497 2043 615 2093 aetatem
640 2035 764 2092 Graecae
788 1998 898 2107 linguae
923 2033 1120 2104 retorquendus

138 2119 183 2168 est
196 2115 301 2169 animus
315 2119 378 2168 nost
379 2120 469 2181 er,ut
438 2115 523 2168 utde
543 2114 636 2184 primis
656 2117 722 2168 artis
741 2113 900 2168 auctoribus
920 2117 994 2167 reete
1014 2117 1121 2166 etcum

142 2191 282 2260 aequitate
301 2191 460 2245 iudicemus.
500 2191 584 2260 ipsae
605 2190 714 2260 quidem
734 2189 869 2244 Zenodoti
889 2190 1040 2260 scripturae
1061 2187 1120 2240 dili

140 2274 241 2338 genter
261 2283 391 2322 excussae
411 2267 555 2326 manifesto
577 2265 732 2333 ostendunt,
755 2267 854 2320 multas
874 2263 1080 2320 observationes
1094 2269 1122 2317 οι

142 2344 252 2414 regulas
272 2343 405 2400 sermonis
425 2350 548 2415 tempore
562 2343 635 2397 illius
648 2341 770 2397 nondum
784 2341 948 2407 constitisse,
969 2357 1037 2411 ques
1051 2358 1121 2412 nuno

144 2419 218 2488 docti
245 2420 405 2488 indoctique
431 2421 515 2490 vulgo
541 2421 687 2489 sequimur.
727 2419 767 2474 Ut
791 2418 825 2486 de
850 2417 976 2472 dualibus
997 2434 1053 2476 uon
1073 2433 1121 2485 po-

139 2581 346 2604 ...καιτοι-ι*-

138 2649 243 2700 lectioni
262 2648 383 2699 conciliat
401 2648 528 2699 Pindarus
545 2648 619 2716 Pyth.
637 2647 659 2708 1,
677 2649 728 2708 23,
747 2663 825 2714 quum
850 2654 965 2698 veterum
990 2645 1121 2711 exempla·

140 2717 206 2767 rium
225 2717 328 2767 fidem'
321 2732 478 2784 ignoremus.
515 2715 555 2766 Da
572 2717 620 2768 huo
637 2725 722 2766 autern
741 2717 915 2782 quaerendum
933 2715 1014 2766 inerat
1032 2716 1121 2766 vetari·

139 2786 198 2846 bus,
211 2785 358 2851 priusquam
371 2784 513 2835 Zenodoti
507 2785 633 2850 insignem
646 2784 776 2840 audaciam
788 2791 813 2834 et
823 2784 991 2850 ignorantiam
1001 2785 1120 2854 riderent.

206 2865 298 2930 Ημεῖς
315 2867 371 2936 γὰρ
390 2866 519 2926 κλέος
488 2887 547 2920 οιον
566 2868 708 2931 ἀκούομεν,
728 2867 792 2918 οὐδὲ
810 2885 835 2918 τι
853 2864 938 2930 ἴδμεν.

140 2949 212 3010 Nihil
231 2960 334 3015 scimus,
354 2957 402 3008 nisi
422 2955 512 3022 quid
504 2975 531 3006 ιιι
557 2957 626 3008 illius
650 2959 798 3006 recensione
821 2956 878 3008 lecu
861 2965 916 3008 tnm
940 2957 1018 3008 fuerit
1043 2954 1121 3016 olim;

142 3025 174 3096 de
192 3027 286 3077 iudicio
306 3027 353 3076 viri
373 3043 462 3091 parum
479 3033 593 3084 sensiat3
610 3025 681 3076 sed'
675 3042 730 3091 ipsa
748 3042 788 3075 res
807 3027 904 3092 arguit,
929 3025 1039 3089 plurima
1063 3024 1124 3075 vitia

142 3089 202 3147 eum
221 3112 251 3146 ex
269 3094 453 3160 antiquioribus
472 3094 585 3144 fontibus
603 3095 721 3153 traxisse,
733 3110 798 3158 quae
810 3095 849 3142 rei
863 3095 1017 3144 doctissimis
1029 3093 1122 3160 poetis,

142 3163 231 3230 quales
250 3163 417 3212 Antimachus
436 3169 461 3212 et
478 3162 650 3212 Grllimaehus
669 3164 780 3221 luerunt,
797 3163 962 3227 imponerent

209 3247 244 3312 ⁷⁴)
263 3246 311 3297 cui
329 3247 431 3313 ignotus
449 3255 489 3298 est
501 3247 646 3314 Scioppius,
657 3245 798 3296 cloacinam
813 3246 1010 3296 Grammaticom
1024 3245 1119 3296 &aaa

144 3331 233 3368 uorum
252 3316 347 3381 ubique
364 3318 490 3383 crepans?
508 3315 561 3366 Neo
583 3316 665 3366 lentus
688 3316 738 3365 Ios.
764 3316 878 3382 Scaliger
901 3328 1006 3380 questus
1030 3323 1056 3364 et
1078 3312 1123 3366 alii

145 3384 177 3435 da
194 3383 330 3436 ineruditis
348 3384 409 3434 olim
431 3384 522 3434 studiis
547 3384 651 3448 linguas
671 3383 821 3435 Hebreieae.
855 3383 950 3434 Contra
973 3399 1037 3448 quos
1063 3383 1122 3433 iri-s

143 3453 206 3512 nitar
223 3453 270 3502 scd
287 3453 476 3502 accommodate
494 3451 527 3502 ad
551 3452 620 3502 hunc
643 3451 728 3502 iocum
752 3462 868 3504 nostrum
892 3451 1006 3516 disputat
1022 3451 1122 3501 Ernest.

145 3519 243 3587 Opuas.
263 3519 353 3586 philol.
370 3538 396 3586 p.
414 3521 463 3574 29
450 3544 474 3574 ι.
491 3537 547 3586 sqq.
