2702 4124
509 370 700 423 ,69-

519 539 683 618 XXVII.

197 695 378 754 Difficultates
391 700 459 769 illas,
480 716 547 770 quas
561 699 673 754 mirifica
685 698 774 752 forma
789 704 818 753 et
832 697 979 769 descriptio
993 699 1091 754 horum

115 771 194 822 ἐπῶν
218 776 390 845 partiumque
416 777 559 847 dispositio
580 776 687 843 obiicit,
719 775 873 846 singulatim
900 775 1092 845 expendendas

116 857 148 906 et
175 851 300 906 omnibus
324 853 428 908 viribus
453 851 663 924 atqueropibus
692 852 831 923 augendas
862 852 923 907 aliis
947 852 1092 908 mandabo.

115 1075 189 1116 terea
211 1065 319 1118 subinde
342 1073 369 1116 et
385 1064 502 1126 abolevi,
530 1062 654 1130 quidquid
676 1061 776 1114 illarum
805 1062 867 1114 mihi
890 1069 1049 1124 notaveram,
1071 1061 1095 1112 si

113 1133 184 1184 sorte
201 1134 233 1185 iis
250 1151 281 1185 ex
298 1133 420 1186 memoria
437 1141 462 1182 et
478 1134 562 1183 animo
581 1130 674 1198 elapsis
691 1131 831 1182 succedens
843 1130 893 1182 alio
903 1138 1017 1196 tempore
1028 1145 1095 1181 nova

115 1201 238 1268 cogitatio
261 1201 393 1268 scrupulos
416 1199 525 1252 tolleret
567 1197 653 1251 Semel
676 1199 739 1250 adeo
762 1197 853 1265 puduit
877 1215 919 1249 me
946 1206 972 1248 et
994 1198 1095 1250 taeduit

115 1269 198 1336 plane
214 1270 270 1323 viae
288 1271 329 1322 vel
347 1269 438 1320 erroris
456 1269 518 1329 mei,
535 1269 603 1319 lecto
620 1266 727 1318 Perralti
746 1267 811 1319 libro
830 1268 862 1318 de
873 1267 1018 1331 Comparat.
1032 1273 1094 1318 vett.

115 1343 143 1388 et
161 1347 276 1401 recentt,
297 1338 343 1389 uhi
360 1337 390 1387 (t.
408 1337 454 1387 Ill.
474 1355 498 1403 p.
516 1337 558 1391 35.
577 1336 603 1386 in
617 1335 831 1400 contemptionem
842 1334 998 1402 antiquitatis
1010 1333 1094 1394 reiert,

115 1405 218 1472 aliquid
236 1406 319 1458 simile
343 1406 486 1472 aquodam
511 1404 669 1471 popularium
692 1419 794 1455 suorum
820 1410 1016 1455 commentatum
1040 1419 1096 1454 esse

115 1482 144 1524 et
162 1474 300 1540 aliquando
319 1473 487 1540 proditurum.
524 1472 614 1525 Paullo
632 1480 691 1538 poet
716 1473 816 1539 accipio
841 1473 1003 1539 opusculum,
1028 1471 1096 1538 quod

115 1541 163 1593 ille
181 1543 334 1602 minabatur,
353 1542 470 1602 hominis,
482 1540 621 1592 Homerum
639 1542 756 1607 negantis
773 1557 885 1608 uuquam
903 1539 987 1602 misse,
1001 1549 1096 1591 utrum·

117 1627 170 1676 que
196 1619 281 1663 autem
305 1608 442 1672 σωμάτιον
468 1609 603 1660 conflatum
628 1625 684 1660 esee
712 1610 825 1660 docentis
856 1625 886 1659 ex
909 1608 1048 1673 trnqoediia
1073 1615 1107 1680 et.

115 1677 201 1728 variis
218 1678 326 1729 conticis
342 1677 375 1729 de
392 1677 473 1738 triuio,
492 1674 663 1728 mendicorum
674 1685 698 1728 et
710 1677 897 1737 circulatorum,
911 1675 928 1726 b
940 1677 967 1726 ln
986 1675 1097 1727 munilre

117 1745 165 1796 des
189 1745 311 1797 clansoris
334 1745 371 1797 du
394 1745 539 1814 Pontucus5
562 1754 645 1797 cetera
667 1745 694 1795 in
723 1745 831 1797 eundem
859 1746 976 1796 modum:
1005 1755 1044 1798 est
1068 1744 1097 1795 in
1182 1779 1184 1784 -

116 1813 255 1867 Prooemio
273 1815 376 1866 omnino
394 1814 460 1864 nihil
477 1831 504 1866 se
522 1831 552 1865 ex
570 1814 672 1864 Graecis
690 1812 780 1864 litteris
797 1829 889 1880 operae
907 1814 1014 1878 pretium
1032 1814 1097 1865 didi·

116 1884 185 1933 cisse
201 1882 342 1934 confirmat.
378 1881 456 1942 Quod
474 1899 552 1933 uuum
570 1891 609 1933 est
626 1898 657 1932 ex
674 1883 770 1946 paucis,
788 1881 814 1930 in
833 1883 924 1946 quibus
942 1880 1018 1932 facile
1030 1881 1098 1946 apud

115 1966 208 2002 omnes
224 1950 301 2002 fidem
319 1954 446 2002 inveniat:
466 1950 565 2017 reliqua
583 1951 680 2000 somnia
698 1957 759 2000 sunt
776 1956 803 1999 et
819 1948 998 2000 deliramenta.
1043 1949 1098 2001 Ho-

117 2019 196 2070 minis
214 2020 329 2086 alioquin
347 2036 397 2070 non
415 2019 516 2070 obscuri
532 2033 617 2084 neque
635 2018 740 2077 insulsi,
762 2017 871 2082 aliisque
889 2017 962 2067 libris
981 2018 1058 2069 etiam
1075 2018 1102 2069 in

119 2089 263 2138 Germania
280 2090 345 2147 noti,
359 2086 416 2153 (Fr.
428 2086 541 2138 Hedelirr
560 2085 632 2136 Atos
641 2084 811 2151 dAubiqreoc,
827 2084 929 2152 [dequo
941 2103 965 2140 υ.
983 2083 1099 2152 Ghursffe·

113 2152 1100 2290 titillattt:“tutatus‘ttttttl‘tlt'lhlt·5:²5

232 2261 241 2284 9
1016 2261 1024 2286 ἲ
1094 2261 1101 2284 i

121 2291 245 2343 incertum
263 2292 337 2343 amici
354 2310 387 2343 an
404 2300 515 2342 veterum
533 2307 626 2349 amore,
639 2291 710 2342 illius
721 2290 827 2342 editioni
841 2306 939 2342 moram
950 2292 1097 2352 nectebant,

117 2358 223 2410 tandem
240 2369 339 2411 mortuo
356 2360 483 2412 Hedelino
501 2359 593 2426 prodiit
611 2359 669 2410 Par.
688 2359 763 2414 1715.
780 2359 804 2412 8.
829 2359 855 2411 Is
872 2359 1006 2424 aliquoties
1036 2359 1101 2412 inihi

119 2427 258 2492 perlectus,
276 2437 305 2478 nt
322 2428 390 2489 dixi,
407 2428 521 2480 taedium
538 2427 625 2479 attulit
642 2427 770 2494 opinionis
788 2443 872 2489 meae,
890 2428 917 2478 in
936 2429 1006 2478 ouius
1025 2429 1097 2478 simi-

119 2493 259 2547 litudinem
278 2498 405 2564 quandam
423 2497 552 2548 levissima
570 2496 697 2546 temeritas
716 2503 742 2546 et
759 2495 858 2546 inscitia
876 2493 1034 2561 antiquitatis
1058 2496 1100 2547 de·

120 2563 195 2630 lapsa
212 2572 295 2625 esset;
314 2566 431 2631 serioque
449 2567 522 2630 coepi
533 2563 633 2630 vulgari
648 2564 763 2630 quamvis
775 2564 842 2615 male
854 2563 997 2615 cohaerenti
1009 2564 1101 2614 rationi

120 2641 272 2698 argumenta
302 2635 456 2700 conquirere.
500 2631 566 2684 Nam
592 2648 625 2681 ne
653 2631 781 2683 Hedelino
809 2632 910 2698 quidem
938 2648 954 2681 a
976 2629 1100 2693 Boilavio,

120 2699 233 2751 Dacerio
250 2709 276 2752 et
293 2702 353 2752 aliis
370 2702 435 2760 bene
452 2717 600 2767 responsum
618 2700 741 2750 videbam.
775 2699 815 2750 Ita
838 2701 908 2750 varie
931 2699 1049 2763 annisus,
1071 2708 1102 2751 nt

121 2768 249 2819 historicis
266 2769 459 2820 difficultatibus
478 2770 530 2819 ulia
547 2779 623 2834 atque
641 2768 691 2818 alia
708 2769 749 2818 ria
767 2785 929 2828 occurrerem,
948 2785 1005 2819 mox
1016 2768 1100 2820 denuo

122 2846 227 2886 vexatus
246 2837 306 2897 illis,
325 2838 458 2903 denuoque
471 2844 572 2887 coactus
592 2837 699 2900 cedere,
724 2837 841 2887 conscius
864 2837 925 2887 mihi
944 2854 1013 2901 eum,
1036 2837 1101 2889 nihil

122 2922 164 2956 me
182 2919 230 2955 nec
248 2906 354 2956 vanitati
372 2905 516 2971 cupiditatis
539 2920 587 2956 nec
610 2905 749 2956 sententiae
772 2905 876 2956 novitati
899 2905 1051 2967 indulsisse,
1075 2911 1101 2955 et

123 2988 212 3024 omnes
229 2974 368 3025 intendisse
387 2990 487 3038 nervos,
507 2981 536 3024 ut
561 2974 593 3024 ab
617 2974 706 3024 erroris
729 2969 826 3038 laqueis
853 2989 975 3024 caverem.
1010 2973 1100 3023 Testes

127 3040 165 3090 rei
182 3040 264 3092 habeo
282 3041 377 3092 multos
396 3042 559 3093 familiarium
577 3058 699 3103 meorum,
720 3042 869 3106 quibuscum
888 3058 933 3108 per
950 3041 995 3090 hoe
1014 3041 1099 3105 proxi-

124 3124 179 3159 mos
197 3125 278 3159 annos
296 3110 408 3160 laborem
427 3126 510 3160 meum
530 3109 718 3170 communicavi,
738 3109 899 3174 provocando
917 3125 960 3159 eoa
979 3107 1012 3158 ad
1024 3122 1100 3173 quae·

124 3177 232 3229 rendum
249 3193 346 3239 rerum,
363 3186 389 3229 et
405 3178 499 3238 omnia,
517 3194 582 3243 quae
600 3180 626 3227 in
644 3177 707 3243 ipsis
719 3177 878 3227 Carminibus
897 3176 958 3226 mihi
970 3173 1100 3225 adversari

124 3245 280 3308 viderentur,
299 3245 411 3297 studiose
427 3245 569 3313 colligenda
588 3253 613 3296 et
635 3245 681 3296 suh
705 3261 784 3294 unum
807 3245 955 3310 adspectum
979 3241 1100 3308 cogenda.

125 3312 167 3364 Ae
184 3329 217 3364 ne
234 3329 303 3364 nunc
321 3315 425 3380 quidem
443 3315 507 3365 haec
524 3315 638 3380 disputo,
661 3320 690 3362 ut
714 3313 834 3378 cuiquam
852 3311 1032 3378 persuadeam,
1057 3309 1099 3360 cui

126 3397 176 3431 non
194 3383 251 3447 ipsa
268 3397 308 3432 res
327 3383 486 3447 persuadeat,
504 3382 549 3432 sed
568 3392 605 3440 ut,
623 3379 726 3446 siquid
744 3380 877 3430 erraverim
895 3378 981 3429 autin
1005 3378 1098 3429 salsum

126 3449 283 3511 detorserim,
302 3451 393 3501 erroris
411 3454 544 3501 convincar
562 3450 594 3500 ab
613 3449 774 3498 acutioribus.

193 3518 232 3567 Ne
250 3533 307 3567 vero
325 3517 534 3569 Rudbeckianum
552 3517 681 3583 ingenium
699 3515 812 3566 induisse
830 3514 922 3575 videar,
941 3515 1037 3581 quippo
1054 3515 1099 3580 qui

126 3583 167 3635 vel
184 3584 210 3637 in
229 3584 340 3636 minimis
358 3587 502 3638 historicam
525 3585 656 3637 veritatem
680 3600 775 3635 sacram
798 3599 852 3634 rem
876 3583 970 3634 habere
995 3583 1099 3643 soleam,
