2694 4116
504 313 696 370 „79-

109 491 217 528 morum
230 474 371 543 lectorum,
393 491 476 544 quum
489 475 620 528 neminem
636 475 765 530 mediocri
780 474 902 530 sollertia
914 475 941 528 in
957 493 989 530 ea
1003 475 1084 532 offen·

110 551 177 605 dere
198 568 252 604 non
270 567 352 621 posse
371 557 478 620 putem,
507 551 575 605 haec
605 551 721 605 fortasse
741 569 795 605 una
814 569 896 606 causa
915 551 983 620 fuit,
1011 553 1084 622 quod

108 635 246 697 perpetua
265 628 347 682 series
368 625 530 695 carminum,
553 634 611 681 tum
633 629 785 698 praeconiis
806 629 952 682 multorum
972 631 1084 700 scripto·

108 721 171 757 rum
191 710 249 756 tum
268 721 318 757 sua
331 705 421 773 specie
439 704 545 772 fallens,
566 705 626 758 eius
646 705 684 758 rei
706 705 897 776 cogitationem
917 705 997 775 longe
1012 723 1084 760 amo·

107 781 204 846 vebat,
225 786 253 833 at
274 781 338 850 quia
358 797 450 835 omnes
470 797 556 851 prope
577 787 677 835 natura
697 781 736 835 sic
757 781 906 850 comparati
927 798 1033 851 sumus,
1054 789 1086 836 ut

108 856 245 910 dissoluta
269 857 433 928 coniungere
462 858 590 912 libentius
620 875 700 928 quam
730 857 823 912 iuncta
851 858 1001 912 dissolvere
1028 866 1083 913 stu-

15 1003 17 1011 Ι
108 933 231 988 deamus.

188 1009 251 1078 Quo
270 1016 393 1080 tempore
413 1010 496 1080 igitur
514 1009 582 1064 haec
601 1011 717 1080 primum
738 1028 799 1063 cum
814 1011 906 1064 amicis
921 1011 1084 1080 quibusdam

108 1085 355 1156 communicabam,
376 1087 461 1156 probe
481 1087 598 1154 memini,
613 1095 743 1156 quantum
764 1086 804 1139 illi
825 1086 979 1141 diffiderent
998 1089 1084 1158 suspi-

108 1161 237 1216 cionibus
251 1163 328 1229 meis,
348 1171 445 1231 totque
465 1163 636 1217 saeculorum
650 1163 889 1233 praescriptionem
905 1170 933 1226 et
946 1164 1083 1218 silentium

108 1245 290 1308 opponerent.
325 1238 422 1292 Paullo
443 1245 507 1309 post
526 1239 554 1292 in
574 1257 628 1293 uno
649 1241 772 1294 locorum
785 1239 901 1311 illorum,
925 1241 1019 1310 inquo
1040 1259 1084 1294 su-

106 1321 199 1368 turam
218 1314 385 1370 adventitiae
407 1317 472 1369 artis
491 1317 577 1370 latere
597 1317 750 1386 suspicatus
771 1333 859 1384 eram,
888 1335 920 1371 ex
946 1319 1083 1386 insperato

108 1390 307 1461 qualiscunque
328 1393 474 1446 auctoritas
494 1394 593 1447 veteris
616 1392 793 1448 Grammatici
819 1393 989 1448 coniecturae
1007 1410 1084 1448 meaa

107 1468 252 1522 succurrit.
292 1468 342 1522 Est
363 1469 388 1522 is
408 1470 484 1523 locus
504 1469 538 1522 Il.
560 1483 586 1516 σ.
605 1467 760 1528 toa-368..
779 1475 809 1524 ut
831 1471 967 1525 lenissime
987 1470 1083 1536 dicam,

107 1544 209 1614 frigide
232 1551 259 1598 et
279 1545 370 1614 inepte
391 1546 484 1598 iacens
505 1546 576 1599 inter
595 1563 639 1600 res
659 1547 840 1601 Troianorum
862 1547 1083 1617 Graecommque

107 1628 137 1675 et
158 1621 230 1674 inter
250 1621 376 1676 Thetidis
397 1621 544 1675 adventurn
565 1622 591 1674 in
614 1622 769 1694 Olympum.
809 1623 851 1678 De
878 1625 936 1678 istis
960 1625 1083 1678 versibus

106 1699 137 1750 in
157 1698 373 1752 accuratioribus
385 1697 501 1752 Scholiis
521 1699 605 1768 longa
625 1699 772 1768 disputatio
794 1707 921 1769 excerpta
942 1706 983 1755 est
995 1701 1081 1754 Zeno-

108 1773 169 1827 dori
190 1773 339 1842 cuiusdam,
359 1775 431 1828 unde
451 1776 624 1844 praecipuum
645 1775 719 1846 quod
740 1777 846 1843 tollam,
875 1777 928 1830 boc
954 1783 1009 1845 est,
1036 1793 1083 1830 eos

106 1867 204 1904 versus
224 1867 278 1903 nou
299 1869 332 1904 ex
352 1852 457 1920 vulgari
477 1851 701 1920 interpolatione,
723 1870 773 1906 nec
793 1870 809 1906 a
831 1851 1018 1906 Grammatico·
1036 1853 1082 1906 ali·

107 1944 174 1996 quo,
195 1926 243 1980 sed
265 1945 281 1981 a
300 1927 392 1996 primis
413 1923 624 1983 διασκευασταῖς
643 1929 748 1982 duabus
769 1928 922 1996 rhapsodiis
942 1929 1082 1983 nectendis

108 2003 233 2058 adiectos
254 2003 366 2073 essell).
399 2003 493 2074 Atque
513 2005 633 2058 eiusdem
653 2004 725 2058 modi
740 2004 903 2070 emblemata
916 2005 942 2057 in
958 2004 1083 2076 Odyssea

107 2080 204 2134 videre
218 2081 283 2134 mihi
296 2080 391 2134 videor
405 2083 491 2150 plura,
512 2087 540 2136 et
559 2098 642 2134 unum
662 2081 731 2135 adeo
746 2082 928 2149 manifestum,
949 2090 980 2135 ut
994 2099 1026 2136 ex
1039 2082 1080 2147 iis,

109 2174 227 2226 qnorum
246 2157 345 2209 iudicio
361 2158 413 2211 hoc
428 2159 563 2227 specimen
578 2159 755 2228 spectandum
768 2158 891 2225 subiicio,
912 2158 1084 2213 adversarios

107 2233 175 2287 mihi
195 2250 346 2303 perpaucos
366 2235 425 2288 foro
445 2251 559 2304 sperem.

189 2310 288 2380 Odyss.
311 2316 334 2367 δ.
354 2315 419 2367 620.
434 2312 480 2366 ubi
495 2312 582 2378 citius,
595 2328 675 2381 quarn
690 2311 757 2364 velis
773 2317 800 2364 et
814 2317 964 2379 exspectes,
979 2328 996 2364 a
1010 2310 1082 2364 dulci

110 2387 250 2456 colloquio
272 2387 390 2442 Menelai
410 2387 607 2455 abstrahimur,
629 2388 741 2441 redituri
761 2386 795 2440 ad
820 2387 887 2440 illud
914 2386 984 2440 libro
1005 2387 1082 2454 XV.,

110 2463 158 2533 qui
185 2464 343 2517 Telemachi
367 2464 483 2518 reditum
510 2463 647 2530 describit,
666 2461 792 2533 ‘quatuor
816 2468 964 2532 sequuntur
988 2479 1081 2516 versus

109 2539 173 2609 ipsa
200 2541 330 2594 orationis
359 2540 502 2594 insolentia
528 2546 556 2594 et
579 2540 756 2610 ambiguitate
783 2539 930 2605 durissimi,
960 2539 1081 2608 nihilque

108 2616 250 2670 Homerici
277 2616 376 2670 coloris
401 2617 541 2670 habentes.
588 2614 670 2669 Cuius
698 2617 794 2686 culpae
822 2616 931 2684 quidem
956 2615 984 2668 in
1009 2617 1081 2668 omni

108 2693 218 2762 reliqua
236 2699 314 2762 parte
334 2692 386 2746 IV.
406 2693 468 2746 libri
489 2693 692 2762 aliquammulta
718 2694 834 2763 vestigia
852 2691 961 2759 notavi,
983 2693 1081 2761 quibus

108 2787 164 2822 non
184 2769 302 2823 absurde
321 2769 422 2824 leviore
444 2769 496 2822 hoc
516 2770 637 2838 periculo
660 2770 843 2839 praeludatur.
877 2768 946 2824 Nam
961 2769 995 2822 de
1008 2769 1080 2821 illius

108 2845 165 2899 loci
185 2846 369 2915 ambiguitate,
391 2847 471 2915 culpa
491 2846 598 2899 minime
615 2847 769 2912 Homerica,
784 2845 943 2916 praesertim
958 2846 985 2898 in
999 2845 1079 2898 rebus

108 2922 264 2989 tritissimis,
285 2939 363 2976 namo
384 2922 481 2977 doctus
508 2922 659 2992 dubitabit,
687 2929 714 2977 et
739 2923 792 2976 iam
821 2922 885 2976 olim
906 2922 932 2974 in
954 2939 986 2976 ea
1004 2923 1080 2976 labo-

248 3069 315 3076 ——

180 3134 213 3200 οἵ)
232 3134 462 3198 Διεσκευασμένον
481 3136 575 3185 τοῦτον
601 3133 646 3186 τὸν
670 3133 760 3186 τόπον.
796 3134 835 3185 De
858 3134 908 3184 hoc
925 3134 1003 3185 verbo
1025 3132 1079 3182 dra·

110 3202 261 3267 σκευάζειν,
280 3205 347 3272 quod
365 3204 431 3255 male
454 3203 552 3270 accepit
569 3203 632 3255 Mer.
652 3203 750 3254 Casanh
768 3203 799 3254 de
817 3202 891 3254 Hom.
911 3202 970 3252 edit.
994 3200 1077 3252 Hack.

110 3291 137 3340 p.
158 3274 207 3326 167
226 3273 327 3323 collect.
346 3272 481 3331 Almelov,
500 3270 587 3338 paullo
606 3288 663 3322 mox
682 3271 830 3321 videbimus.
866 3270 993 3330 Scholion,
1012 3269 1080 3318 unde

109 3342 175 3394 illud
194 3341 338 3401 didicimus,
350 3340 484 3406 Porphyrii
502 3348 549 3400 est,
562 3341 671 3405 primurn
688 3340 760 3390 uobis
778 3356 793 3390 e
811 3339 871 3390 cod.
883 3337 953 3388 Laid.
966 3337 1078 3387 oblatum

112 3427 128 3460 a
144 3410 313 3460 Valckenario
331 3411 358 3459 in
376 3408 442 3459 Diss.
466 3423 523 3458 cnm
539 3407 630 3460 Ursino
654 3407 720 3458 adita
743 3425 767 3473 p.
792 3407 858 3468 137..
881 3403 951 3472 (nam
974 3403 1077 3457 Barnea.

111 3477 239 3544 Excerpta
258 3476 334 3529 MSS.
354 3477 418 3527 nihil
437 3476 500 3527 certi
519 3474 674 3542 attulerant)
698 3491 764 3525 nunc
786 3475 813 3525 in
835 3473 922 3525 ordine
945 3472 1076 3542 vulgatum

112 3563 143 3598 ex
159 3546 225 3597 Ven.
243 3542 272 3595 B.
309 3545 360 3597 Sed
377 3546 419 3596 hic
436 3545 462 3594 in
479 3545 568 3611 primis
586 3543 757 3596 desideramus
775 3542 939 3609 antiquiorem
956 3541 987 3592 A.
1047 3551 1050 3555 '
