2694 4116
602 243 813 297 —164—

222 400 313 458 verbis
332 399 510 470 complectar,
531 399 707 456 Aristarchus
727 400 771 470 id,
796 399 870 471 quod
889 399 1005 456 audacia
1024 401 1111 456 aetati
1131 420 1199 458 suae

222 477 342 548 propria,
362 485 447 547 atque
466 477 535 531 adeo
553 477 592 532 rei
606 483 796 545 consentanea,
817 477 952 548 nimiaque
966 477 1119 532 sobrietate
1133 496 1199 534 scu-

223 553 302 608 minis
324 553 453 622 deliquit,
480 553 637 623 pensarisse
661 552 769 609 videtur
788 553 919 624 religione
940 560 968 608 et
987 569 1053 608 cura
1073 560 1102 608 et
1122 553 1200 608 omni

224 629 363 698 cantione,
390 646 423 684 ne
448 629 596 699 quidquam
620 629 647 682 in
672 631 824 700 exemplum
849 647 927 684 snum
947 629 1117 696 admitteret,
1145 631 1201 684 nisi

223 705 298 777 quod
318 704 480 760 Homericae
500 712 548 760 sut
567 712 640 760 certe
660 705 766 774 priscae
785 712 909 760 monetae
930 712 1009 760 esset.

300 781 479 837 Revertamur
499 783 533 836 ad
553 782 732 870 propositum.
770 783 821 838 Est
841 783 911 836 enirn
931 781 1079 850 reliquum,
1106 788 1138 835 ιιι
1160 783 1196 836 de

200 919 202 922 Ι
224 855 357 924 ἆιιετήσει
378 857 531 912 Aristarchi
550 859 660 929 proprie
675 857 803 913 dicamus.
834 858 992 912 Macrobius
1007 857 1117 926 quidem
1131 859 1199 912 scri·

224 936 274 1002 bit,
293 934 347 988 tria
366 935 434 989 haec
454 951 487 989 ex
500 951 589 1004 aequo
603 935 781 1004 impossibilia
794 921 916 1008 iudihari
938 933 982 990 vel
1001 933 1063 988 Iovi
1083 933 1197 1002 fulmen,

223 1012 268 1066 vel
287 1010 401 1064 Herculi
421 1009 533 1077 clavam,
555 1012 599 1064 vel
619 1028 726 1065 versum
746 1012 867 1074 Homero
888 1009 1049 1064 subtrahere
1057 1008 1102 1079 ⁵³)
1133 1011 1199 1064 Hoc

223 1089 247 1142 is
267 1094 354 1155 recte,
381 1104 461 1141 sensu
486 1088 533 1141 illo
556 1105 611 1158 quo
632 1087 713 1142 dixit:
740 1087 787 1142 sed
814 1103 957 1157 perperam
976 1085 1139 1141 transfertur
1158 1087 1197 1140 ad

224 1163 295 1216 hanc
315 1163 447 1217 rationem
467 1163 596 1222 criticam.
635 1163 693 1218 Nec
712 1164 767 1217 iam
786 1165 886 1232 loquor
905 1163 940 1218 de
959 1161 1098 1231 versibus,
1125 1179 1197 1231 quos

224 1238 327 1292 dudum
352 1239 521 1295 oblitteravit
541 1239 695 1294 Aristarchi
721 1239 851 1294 recensio.
892 1238 1031 1294 Subtracti
1057 1244 1121 1292 sunt
1140 1238 1196 1308 ilti;

222 1315 359 1369 Homerus
384 1332 481 1384 passus
506 1321 664 1385 estq'nemo
691 1317 781 1370 sentit.
820 1314 875 1369 Sed
899 1316 1002 1368 nullum
1023 1321 1065 1369 est
1086 1315 1197 1368 omnino

223 1407 308 1462 genus
328 1391 503 1460 scriptorum,
529 1393 573 1448 cui
592 1392 699 1446 facilius
720 1399 827 1446 etcum
847 1391 950 1445 minore
973 1391 1113 1460 dispendio
1135 1407 1197 1445 sen·

222 1467 368 1520 tentisrum
389 1468 490 1536 aliquid
511 1469 582 1522 demi
601 1469 699 1538 possit,
719 1485 800 1538 quam
815 1468 856 1521 bis
871 1463 988 1528 ἀοιδοῖς,
1009 1467 1110 1536 quippe
1125 1485 1195 1537 quo·

222 1561 283 1597 rum
308 1542 396 1598 oratio
422 1544 531 1598 iuvenili
559 1546 682 1600 ubertate
706 1563 755 1614 per
773 1544 868 1614 longas
889 1545 1018 1614 ambages
1040 1543 1195 1609 deducitur,

224 1625 252 1674 et
271 1619 343 1688 apud
366 1637 434 1688 qnos
454 1637 536 1692 saepe
556 1622 671 1689 levium,
692 1622 726 1676 ad
746 1627 870 1675 nostrum
890 1621 1000 1690 quidem
1020 1636 1142 1686 sensnm,
1163 1637 1198 1672 ac

223 1695 385 1750 minutarum
410 1713 498 1751 rerum
525 1698 614 1768 imago
635 1699 728 1768 spirat.
759 1697 857 1767 Neque
870 1697 944 1767 apud
958 1714 1005 1752 eos
1019 1696 1198 1766 comprehen-

223 1771 264 1826 sio
291 1777 319 1825 et
344 1773 461 1827 ambitus
481 1775 626 1829 verborum
651 1776 690 1829 ric
714 1774 872 1830 terminatur
896 1773 1055 1840 artificiose,
1080 1780 1110 1826 ut
1135 1789 1198 1842 per-

222 1848 341 1918 petuitas
362 1857 504 1904 contextus
526 1850 638 1904 tollatur
652 1853 761 1922 dempto
776 1850 1030 1920 aliquoversicu103
1051 1849 1116 1918 quin
1130 1865 1197 1902 con·

222 1931 267 1977 tra
285 1924 324 1978 ita
343 1940 535 1996 nonnunquam
555 1927 590 1980 ad
611 1927 706 1983 doctas
726 1944 805 1982 aures
825 1926 928 1996 gratior
948 1927 1031 1980 currit
1050 1925 1199 1979 sententia.

223 2000 278 2054 Sed
304 2001 369 2054 nolo
393 2019 463 2055 nunc
489 2020 584 2058 causes
615 2004 695 2058 huius
726 2003 838 2058 rationis
863 2001 1022 2057 emendandi
1052 2001 1195 2070 persequi3

224 2075 290 2145 quid
310 2073 471 2133 Aristarcho
491 2081 633 2167 placuerit,
654 2081 773 2135 breviter
793 2087 820 2133 et
841 2079 997 2148 simpliciter
1016 2078 1131 2132 tradam.

300 2152 446 2208 Enimvero
465 2156 581 2225 primurn
601 2157 679 2213 nobis
700 2157 760 2210 fons
778 2155 947 2225 indagandus
966 2160 1016 2219 est,
1036 2153 1108 2207 unde
1132 2149 1201 2201 titie-

223 2224 331 2294 τήσεως
349 2232 472 2300 exempla
485 2240 617 2301 petamus.
647 2233 772 2302 Namque
785 2231 955 2286 celeberrimi
966 2231 1039 2284 illius
1054 2230 1127 2285 obeli
1140 2234 1200 2282 tam

222 2322 284 2360 rara
310 2306 426 2376 vestigia
451 2315 557 2362 exstant
546 2309 628 2364 tsub
648 2308 801 2364 Aristarchi
822 2308 937 2396 nomine,
960 2313 992 2361 ut
1012 2313 1142 2376 congesta
1163 2323 1198 2358 ex

223 2381 353 2450 scholiis,
379 2400 411 2438 ex
431 2384 592 2452 Eustathio‚
619 2403 652 2438 ex
676 2386 788 2454 reliquis
814 2383 1007 2452 scriptoribus,
1035 2383 1125 2437 omnia
1150 2381 1199 2435 vix

223 2457 334 2526 triginta
305 2459 477 2514 ovensibus
498 2462 676 2530 suspicionem
696 2462 851 2531 importent.
891 2460 933 2513 Ea
952 2475 996 2513 res
1010 2477 1052 2512 me
1066 2457 1195 2528 pedeten-

223 2533 272 2587 tim
292 2535 433 2590 adduxit
425 2555 452 2589 ιιι
472 2537 542 2590 hanc
563 2539 727 2608 opinionem,
746 2543 778 2590 ut
791 2536 873 2590 hodie
887 2531 1036 2601 ἀθετήσεις
1055 2533 1199 2589 clarissimi

224 2607 317 2664 Critici
336 2612 549 2683 multosaepius
569 2615 624 2685 legi
644 2621 738 2685 putem
757 2631 838 2684 quam
856 2613 1034 2680 nomenoius,
1055 2612 1196 2681 multoque

222 2687 351 2741 maiorem
371 2693 475 2757 partem
496 2692 664 2745 notationum
685 2691 764 2744 huius
784 2689 904 2761 generis,
931 2705 1001 2759 quae
1028 2691 1055 2742 in
1075 2687 1198 2742 Scholiis

223 2763 280 2816 sine
301 2769 412 2818 auctore
432 2765 548 2819 afferunt
537 2765 638 2837 tur⁵⁴)‚
664 2768 699 2822 ad
725 2768 782 2821 eius
809 2766 926 2819 auctorit
928 2773 999 2819 atem
1026 2763 1197 2819 referendam

224 2855 292 2893 esse.
332 2840 365 2892 Id
386 2839 484 2908 quibus
504 2845 670 2912 argumentis
690 2842 864 2907 coniecerim,
890 2842 983 2911 paucis
1011 2841 1133 2910 doceb03
1160 2857 1197 2894 an

224 2915 378 2984 probabilia
397 2933 430 2970 ea
448 2926 608 2988 argumenta
627 2920 689 2988 sint,
711 2919 828 2973 cuiusvis
850 2917 901 2972 erit
920 2917 1048 2971 iudicare.

292 3093 324 3159 Ι’3)
344 3095 444 3145 Satura.
466 3094 497 3162 V,
517 3095 542 3148 3

292 3177 328 3258 ⁶⁴)
343 3177 405 3229 Sive
423 3179 500 3230 verbo
519 3177 696 3240 ddsrsirarst
688 3196 714 3229 m
727 3179 823 3231 Scboll
842 3179 969 3246 adscripto
981 3178 1128 3262 simpliciter
1141 3195 1197 3230 ver·

223 3245 355 3309 sibus''ns‚
375 3249 464 3312 quiin
482 3255 553 3298 textu
572 3249 782 3314 praestantissimi
807 3250 863 3300 cod.
886 3248 984 3314 virgula
1005 3249 1099 3312 signati
1122 3257 1196 3298 suut·

223 3315 649 3381 utinrhaps.a.29-3l·110.
672 3317 958 3371 133.139.192.424.
981 3319 1039 3370 444Ι
1056 3315 1130 3375 4744
1144 3317 1199 3366 sire

156 3381 160 3388 '
226 3382 311 3434 addito
329 3399 383 3433 voe.
404 3380 520 3448 ὀβελόςι
539 3383 614 3438 utri
633 3386 690 3440 235
711 3393 737 3434 ιι
749 3385 774 3434 rd
787 3401 921 3436 ranssrme
948 3383 1013 3434 Sunt
1025 3392 1109 3434 tamen
1122 3385 1198 3434 stram

223 3449 283 3511 loci,
301 3453 345 3518 qni
363 3451 388 3502 iu
407 3461 479 3504 textu
498 3451 601 3518 quidem
614 3452 708 3504 babent
720 3451 876 3518 virgulams.
889 3453 999 3513 obelum,
1017 3452 1062 3504 sed
1078 3451 1198 3503 indicium
