2694 4116
501 325 692 378 ...31-

106 481 189 535 nimis
216 481 270 536 cito
297 480 347 537 fati
372 481 414 536 sui
439 481 569 550 oblitum,
597 487 624 537 et
650 481 747 537 similia
771 483 864 552 pluras
893 501 965 555 qnae
990 481 1084 538 Oritici

106 567 217 627 postea,
237 558 315 612 unice
335 565 504 628 quaerentes,
526 559 591 629 quid
613 553 754 614 ἐποποιΐας
773 561 860 613 tenori
887 569 913 616 et
940 561 992 615 arti
1020 578 1083 616 con-

108 635 225 701 veniret,
246 635 333 688 obelis
354 640 380 690 et
401 636 634 691 emendationibus
655 637 711 690 suis
732 636 768 690 ad
790 635 911 691 ordinem
932 644 960 692 et
973 655 1084 692 concor·

107 711 185 765 diam
205 711 328 782 redigere
350 713 442 767 conati
462 718 525 767 sunt
545 711 591 782 ⁹⁹).

520 879 666 954 XXXI.

190 1017 313 1071 Fuerunt
331 1017 477 1092 aliquando
498 1019 664 1090 philosophi,
686 1021 733 1092 qni
752 1021 823 1077 hanc
850 1023 968 1077 omniurn
996 1041 1085 1078 rerum

108 1110 146 1148 ac
159 1110 304 1164 corporum
318 1111 478 1166 compagem
492 1103 519 1150 et
534 1097 739 1152 universitatem
752 1116 806 1152 non
820 1105 909 1154 mente
922 1099 1086 1170 numineque

112 1171 207 1224 divino
227 1170 335 1236 factam,
357 1173 404 1226 sed
426 1172 497 1226 forte
518 1180 546 1227 et
566 1190 630 1228 casu
652 1183 743 1230 natam
756 1183 840 1244 atque
857 1183 1012 1230 concretam
1026 1193 1086 1231 esse

113 1253 274 1301 statuerent.
308 1246 370 1302 Non
384 1255 485 1316 metuo,
501 1267 535 1304 ne
549 1251 611 1320 quis
624 1268 666 1305 me
681 1253 774 1305 similis
788 1253 954 1308 temeritates
968 1259 1086 1322 accuset,

113 1341 200 1393 quum
221 1324 344 1393 vestigiis
364 1325 527 1381 artificiosae
549 1328 689 1398 compagis
711 1335 739 1382 et
760 1328 821 1384 aliis
840 1330 971 1400 gravibus
999 1331 1088 1384 causis

110 1400 245 1468 adducar,
256 1405 287 1452 ut
300 1401 448 1456 Homerum
462 1420 515 1456 non
529 1404 717 1458 universorum
730 1406 808 1475 quasi
822 1423 967 1476 corporum
977 1425 1089 1461 suornm

113 1477 240 1547 opificem
262 1493 336 1542 esse,
358 1479 406 1532 sed
434 1478 505 1533 hanc
532 1486 618 1534 artem
645 1487 672 1534 et
699 1487 864 1536 structuram
889 1483 1089 1552 posterioribus

112 1554 231 1607 saeculis
256 1553 370 1608 inditam
400 1563 503 1625 putem.
547 1556 644 1626 Neque
675 1560 744 1612 enim
766 1559 803 1612 rid
832 1567 944 1629 repente
974 1560 1089 1614 fortuito

112 1631 227 1696 factum,
248 1646 343 1684 verum
364 1632 509 1688 coniuncta
522 1632 549 1685 in
562 1632 616 1686 hoc
629 1635 748 1704 plurium
763 1642 883 1690 aetatum
896 1637 1090 1706 hominumque

112 1707 208 1761 studia
227 1708 384 1776 reperimus.
418 1708 457 1763 Ut
476 1715 567 1763 autem
588 1726 630 1778 ca,
651 1728 721 1780 quae
740 1712 865 1766 fieri'non
879 1719 1003 1782 possunt,
1017 1713 1091 1768 facta

114 1783 229 1838 credere
249 1785 436 1838 stultissimum
457 1794 506 1854 est,
527 1787 565 1840 ita
586 1787 735 1841 cavendnm
757 1789 838 1842 etiam
859 1788 935 1856 illud,
950 1807 983 1843 ne
998 1791 1089 1843 oculo·

114 1878 176 1913 rum
197 1867 350 1915 nostrorum
369 1863 427 1915 acie
448 1869 560 1917 naturae
582 1870 608 1917 et
622 1882 714 1918 rerum
726 1864 794 1918 fines
807 1865 959 1932 metiamur,
974 1871 1001 1919 et
1016 1865 1090 1934 quod

117 1953 174 1990 non
194 1937 249 2006 ipsi
268 1937 326 1991 fieri
345 1938 500 2006 viderimus,
521 1940 549 1992 id
569 1939 629 1993 fieri
650 1942 757 1994 omnino
778 1957 832 1993 non
845 1958 926 2010 posse
941 1943 1089 2011 opinemur.

114 2013 171 2068 Sed
191 2015 358 2084 pergendum
378 2022 420 2069 est
443 2017 522 2070 nobis
550 2017 585 2069 ad
610 2017 724 2070 alterum
749 2034 835 2087 genus
861 2025 1090 2087 argumentorum,

186 2229 222 2294 ⁹⁹)
241 2228 430 2293 Nonnunquam
455 2227 538 2278 minus
560 2227 668 2279 feliciter
689 2229 729 2278 vel
753 2235 903 2282 constanter.
938 2229 974 2280 Ut
996 2229 1023 2278 in
1046 2227 1092 2280 illo

116 2296 283 2365 Pylaemene,
301 2297 354 2347 filio
372 2295 521 2363 Harpalioni
539 2296 565 2346 in
584 2295 660 2346 funus
679 2298 819 2363 prodeunte
836 2297 866 2347 11.
886 2313 907 2348 ν.
927 2299 995 2357 658..
1013 2313 1093 2364 quum

117 2367 174 2433 ipre
194 2367 293 2416 occisus
312 2374 378 2416 esset
395 2381 418 2414 ε.
437 2366 495 2419 579.
531 2365 570 2415 De
588 2382 637 2430 qno
656 2365 730 2416 nobis
749 2366 834 2431 plures
858 2367 967 2416 rationes
990 2365 1093 2416 illorum

117 2434 255 2502 propinant
273 2435 368 2486 Seboll.
386 2443 412 2484 et
430 2433 503 2485 Euat.
538 2436 632 2484 Earum
650 2433 730 2494 nulla,
748 2435 769 2484 si
788 2433 849 2499 quid
866 2435 953 2494 video,
970 2449 1029 2483 vera
1045 2441 1093 2496 est,

118 2521 171 2553 nna
188 2503 266 2568 longe
284 2502 450 2563 ineptissima,
470 2517 520 2566 qua
538 2501 684 2566 corrigitur,
707 2499 777 2562 μετὰ
795 2498 853 2551 ‹t'otl
871 2517 918 2568 σφι
936 2500 1026 2568 πατὴρ
1043 2499 1093 2553 κίε.

117 2571 196 2622 Hanc
214 2579 298 2622 tamen
317 2571 391 2621 Barn.
410 2570 509 2620 ornavit
531 2573 634 2636 proprio
658 2571 792 2621 versiculo.
829 2571 881 2620 Alii
905 2586 986 2635 nuper
1008 2570 1094 2636 ipsum

117 2644 221 2706 poetam
239 2640 373 2691 oblivionis
391 2639 556 2690 accusabant:
574 2639 641 2704 quod
660 2646 828 2690 commentum
845 2639 917 2698 nulli,
940 2646 1015 2704 puto,
1034 2637 1092 2688 Ari·

117 2707 277 2758 starchorum
296 2719 410 2758 veterum
429 2708 563 2772 probatum
581 2706 677 2756 luisset.
711 2707 774 2760 Nam
795 2708 860 2758 alins
878 2707 981 2774 quidem
1003 2709 1030 2757 in
1054 2705 1094 2756 his

119 2777 195 2827 rebus
214 2775 290 2827 aliam
308 2779 409 2836 famam,
428 2782 473 2825 ant
489 2775 555 2825 idern
574 2777 601 2824 in
620 2775 726 2826 diversis
750 2776 849 2841 scriptis
872 2777 997 2826 diversam
1022 2773 1095 2840 sequi

119 2851 214 2912 potest,
232 2862 282 2896 non
305 2844 373 2894 idem
396 2847 424 2895 in
449 2843 537 2894 eadem
560 2845 672 2901 variare,
695 2855 721 2896 et
744 2844 845 2911 quidem
867 2845 937 2894 brevi
959 2843 1094 2894 intervallo

119 2912 197 2963 unius
215 2914 306 2980 operis.
341 2913 456 2978 Denique
475 2912 526 2962 tale
544 2911 605 2978 quid
623 2914 741 2964 excidere
753 2916 838 2979 potest
847 2914 981 2962 recentiori
994 2917 1095 2976 poetae,

119 2981 220 3032 fabulas
238 2999 344 3048 operose
361 2980 499 3047 colligenti,
517 2997 567 3031 non
586 2979 675 3049 ἀοιδῷ,
696 2984 739 3047 qni
757 2982 784 3031 in
802 2981 849 3031 hae
861 2981 976 3031 doctrina
988 2981 1094 3032 habitat.

120 3049 215 3100 Melius
234 3059 301 3102 certe
319 3050 380 3100 olim
404 3050 508 3115 quidam
532 3057 666 3115 utrumqne
689 3067 788 3101 versum
811 3050 1004 3115 expungebatur,
1028 3063 1095 3113 quae

118 3119 269 3170 brevissima
286 3135 350 3169 sane
368 3119 410 3169 via
429 3127 467 3168 est
485 3115 518 3167 ad
536 3134 635 3168 omnem
655 3118 848 3183 discrepantiam
872 3125 897 3167 et
920 3117 1094 3166 difficultatem

120 3185 270 3240 tollendam.
305 3187 369 3236 Aliis
387 3203 444 3237 vero
468 3186 530 3236 locis
553 3186 612 3237 illos
635 3189 691 3237 sive
714 3187 810 3236 incuria
833 3186 885 3236 sive
908 3201 983 3252 prava
1005 3183 1094 3249 religio

122 3255 259 3315 deterruit,
283 3272 333 3321 quo
354 3257 437 3306 minus
463 3255 546 3304 omnia
572 3256 699 3315 eiicerent,
724 3271 788 3321 quae
813 3271 897 3304 rerum
924 3268 1046 3302 summam
1070 3259 1095 3302 et

123 3325 282 3390 aequabilem
301 3333 413 3376 tenorem
436 3325 574 3374 turbarent.
610 3325 656 3383 Ut,
680 3340 711 3374 ne
735 3323 784 3373 alia
807 3339 873 3372 nuno
896 3337 1047 3386 congeram,
1069 3320 1096 3370 in

122 3393 179 3457 ipsa
197 3392 380 3458 chorographia
398 3393 452 3460 agri
470 3392 573 3442 Troiani
591 3391 688 3457 aliquid
705 3391 819 3441 relictum
844 3397 883 3440 est
904 3388 1095 3454 discrepantiae,

123 3477 169 3510 nee
187 3461 316 3512 sublatum
335 3463 366 3511 ab
384 3461 455 3524 istis,
480 3461 554 3512 cuius
576 3477 653 3512 causa
670 3459 764 3510 nemini
782 3467 869 3510 auctor
887 3457 948 3520 eim,
967 3465 995 3508 ut
1013 3457 1095 3508 denuo

123 3528 228 3596 longum
246 3529 294 3582 iter
311 3530 439 3596 suscipiat

175 3633 258 3684 Woll,
276 3632 444 3683 Prolegomsns.
918 3611 931 3650 ⁶
