2702 4124
631 293 803 345 ..2-

304 449 350 505 Ab
365 449 417 506 hoc
436 450 538 506 leviore
558 455 586 505 st
605 450 684 521 quasi
704 451 852 506 desultoria
874 469 972 523 genere
988 450 1134 522 plurimum
1149 449 1202 504 dis·

228 533 322 597 crepat
341 527 425 595 iusta,
453 532 586 598 perpetua
607 534 634 581 et
654 527 734 582 certis
755 527 820 582 artis
846 529 954 598 legibus
980 530 1042 582 nixa
1071 528 1201 581 recensio.

228 605 261 659 In
274 604 321 657 illo
335 603 402 657 nihil
415 620 501 674 prope
514 603 598 672 aliud,
619 620 699 674 quam
713 604 816 675 passim
830 606 964 659 exstantia
983 604 1110 675 aliquove
1131 603 1202 658 libro

228 680 340 752 prodita
352 681 463 735 vulnera
477 697 572 735 sanare
586 681 727 750 volumus3
748 681 956 736 transmittimus
976 682 1065 752 plura,
1086 679 1119 733 ad
1140 697 1199 734 sen·

229 774 289 812 sum
309 755 417 826 quidem
438 756 511 811 bona
534 763 561 812 et
581 756 750 826 tolerabilia,
777 756 826 812 sed
847 757 880 811 ad
903 757 1092 813 auctoritatem
1118 755 1205 810 nihilo

228 833 341 888 meliora
361 833 492 903 pessimis.
526 832 605 887 Iusta
626 840 715 888 autem
735 833 866 901 recensio,
888 833 1022 890 honorum
1044 833 1203 887 instrumen-

228 915 319 964 torum
339 909 457 963 omnium
478 910 579 980 stipata
599 909 745 980 praesidio,
768 910 870 979 ubique
890 927 982 965 varam
996 926 1106 964 manum
1120 908 1204 978 scrip·

229 986 297 1042 toris
316 986 442 1050 rimatur;
463 986 613 1057 scripturae
633 986 773 1056 cuiusque,
794 1004 849 1040 non
860 986 942 1041 modo
953 991 1104 1056 suspectae,
1119 989 1204 1039 testes

231 1062 325 1117 ordine
339 1063 498 1132 interrogat,
516 1068 542 1116 et
557 1079 639 1132 quam
653 1079 746 1118 omnes
761 1068 890 1131 annuunt,
905 1080 959 1117 non
972 1063 1023 1117 nisi
1038 1062 1204 1132 gravissimis

230 1139 265 1194 de
286 1139 373 1193 causis
393 1139 454 1192 loco
476 1145 583 1207 movet,
613 1137 682 1206 alie,
703 1155 752 1210 per
772 1156 801 1194 se
822 1140 954 1210 scriptore
976 1138 1150 1210 dignissima,
1177 1142 1206 1192 et

231 1215 267 1270 ad
287 1216 428 1269 veritatem
449 1232 497 1269 seu
518 1215 680 1285 elegantiam
702 1215 851 1270 sentcntiae
872 1215 982 1286 optima,
1003 1233 1057 1269 non
1077 1215 1128 1269 nisi
1150 1214 1205 1268 suf·

230 1291 382 1363 fragatione
402 1291 511 1345 testium
531 1292 642 1362 recipit,
671 1291 744 1346 haud
764 1309 826 1346 raro
847 1292 934 1360 adeo,
957 1291 1117 1362 cogentibus
1144 1290 1204 1364 illis,

231 1385 281 1440 pra
302 1367 423 1422 venustis
442 1367 524 1422 infert
544 1369 631 1421 minus
653 1373 781 1437 venusta,
811 1369 963 1438 emplastris
992 1366 1088 1423 solutis
1114 1369 1207 1421 ulcera

231 1444 328 1512 nudat,
350 1444 465 1514 denique
485 1461 539 1498 non
559 1450 713 1498 monstrata
734 1446 829 1515 solum,
850 1450 882 1498 ut
901 1445 965 1500 mali
984 1443 1089 1512 medici,
1110 1443 1159 1498 sed
1179 1449 1206 1498 et

231 1521 345 1575 latentia
365 1520 433 1574 vitia
452 1527 537 1575 curat.
578 1520 638 1574 Hac
658 1521 685 1574 in
706 1522 811 1575 ratione
831 1521 939 1576 tametsi
967 1521 1074 1592 ingenio
1103 1526 1130 1575 et
1155 1519 1207 1574 arti

233 1596 403 1654 coniectandi
417 1595 524 1651 minime
546 1598 623 1651 locus
644 1596 729 1666 deest,
751 1603 841 1652 tamen
862 1597 988 1667 quoniam
1004 1598 1089 1651 omnis
1106 1597 1206 1652 veteris

233 1675 393 1744 scripturae
405 1673 474 1727 fides
490 1675 524 1728 ab
540 1673 702 1743 incorruptis
715 1673 893 1728 monumentis
906 1674 1014 1744 pendet,
1036 1680 1098 1728 ante
1117 1674 1207 1728 omnia

234 1758 276 1806 est
295 1749 505 1817 elaborandum,
526 1750 554 1804 id
575 1749 649 1820 quod
671 1750 729 1804 fieri
750 1757 823 1804 certe
843 1747 937 1820 nequit
957 1750 1014 1804 sine
1031 1749 1156 1820 ingenio,
1176 1743 1225 1803 ut'

233 1826 359 1894 fontium,
373 1825 444 1880 unde
459 1826 589 1896 cuiusque
604 1827 746 1896 scriptoris
760 1833 849 1880 tentus
863 1827 1011 1895 hauriatur,
1026 1828 1207 1897 proprietates

233 1913 261 1960 et
280 1903 443 1973 singularem
465 1909 588 1957 naturam
609 1910 775 1971 scrutemurq
802 1903 893 1957 varios
912 1910 1010 1969 testea,
1038 1920 1086 1973 per
1106 1904 1206 1957 classes

233 1988 262 2036 et
281 1979 396 2034 familias
411 1979 566 2048 dispositos,
588 1997 621 2034 ex
636 1996 685 2033 sua
699 1996 833 2050 quemque
847 1980 937 2034 indole
952 1981 1102 2047 metiamur,
1124 1986 1207 2049 atque

233 2055 381 2112 calliditate
396 2054 521 2125 quadam,
536 2073 586 2110 nec
596 2056 643 2109 illa
654 2062 743 2110 tamen
755 2055 863 2126 cupida,
879 2074 971 2111 eorum
981 2061 1111 2126 tanquam
1126 2073 1207 2110 voces

234 2142 262 2189 et
289 2138 370 2186 nutus
398 2132 521 2202 excipere
548 2132 692 2186 discamus.
732 2133 840 2186 Etenim
866 2133 892 2186 in
921 2132 1045 2203 plurimis
1070 2133 1152 2186 rebus
1179 2139 1207 2186 et

235 2209 345 2276 Oritico,
361 2208 555 2278 etquicunque
570 2209 621 2263 sibi
635 2225 691 2262 rem
708 2208 862 2264 historicam
877 2209 1069 2279 exquirendam
1083 2210 1205 2279 sumpsit,

233 2283 365 2341 imitanda
379 2290 420 2339 est
440 2284 505 2339 boni
526 2284 622 2339 iudicis
644 2286 812 2339 consuetudo
834 2292 861 2339 et
881 2285 1040 2355 prudentia;
1062 2286 1109 2355 qui
1123 2285 1206 2356 prius,

235 2363 301 2433 quid
321 2367 406 2415 testes
425 2361 549 2430 afferant,
569 2363 642 2417 lente
664 2362 806 2432 explorat,
828 2368 855 2415 et
876 2362 966 2414 omnia
985 2362 1107 2424 veritatis
1128 2379 1208 2432 argu-

235 2445 326 2494 menta
346 2437 458 2508 colligit,
480 2431 561 2507 quam
581 2439 620 2492 rei
640 2445 733 2510 gestae
747 2439 930 2492 coniecturam
945 2455 1020 2492 suam
1035 2438 1208 2508 interponere

236 2515 344 2571 audeat.
379 2513 423 2568 Ac
442 2532 476 2569 ns
496 2521 588 2584 potest
608 2515 716 2584 quidem
737 2514 804 2582 fieri,
826 2519 856 2568 ut
877 2515 924 2584 qui
943 2515 1038 2584 paucis
1059 2515 1207 2580 codicibus,

237 2593 331 2664 quales
356 2592 439 2661 vulgo
468 2596 630 2660 occurrunt,
660 2592 745 2645 fretus
772 2591 956 2646 coniecturam
983 2591 1105 2660 quamvis
1132 2607 1208 2660 saga·

237 2668 342 2724 cissime
364 2674 497 2736 exerceat,
521 2667 549 2720 in
568 2668 660 2721 multis
681 2674 800 2722 veterem
821 2684 853 2721 ac
873 2683 1026 2738 germanam
1047 2668 1208 2738 scripturam

237 2750 407 2815 assequatur.
445 2744 517 2800 Nam
536 2744 613 2798 utin
634 2745 716 2798 rebus
736 2743 886 2798 iudicandis
906 2744 1060 2798 tabularum
1086 2751 1114 2799 et
1136 2743 1208 2797 litte·

236 2838 328 2876 rarum
341 2819 481 2891 penuriam
495 2819 631 2890 ingenium
646 2837 821 2890 compensare
834 2819 937 2888 nullum
950 2827 1057 2890 potest,
1079 2821 1117 2874 ita
1134 2835 1208 2874 acer-

238 2899 306 2953 rima
320 2897 377 2952 eius
391 2897 441 2966 vis,
462 2914 516 2951 non
529 2903 682 2967 temperata
701 2904 729 2951 et
748 2897 862 2951 subacta
882 2897 990 2950 assiduo
1005 2914 1056 2950 usu
1070 2898 1209 2963 librorum,

238 2975 266 3030 in
288 2973 425 3028 historicis
451 2979 479 3027 et
504 2972 603 3027 criticis
628 2973 709 3028 rebus
735 2973 837 3027 frustra
863 2973 980 3026 laborat.
1025 2973 1132 3044 Quippe
1159 2973 1210 3027 hae

239 3057 371 3121 utraeque
391 3066 434 3104 res
453 3050 540 3120 magis
559 3050 669 3104 nomine
694 3067 775 3120 quam
800 3065 900 3120 genere
926 3049 996 3104 inter
1021 3066 1050 3104 ss
1076 3049 1211 3116 differunt,

239 3143 290 3184 nec
314 3126 427 3182 diversis
448 3132 574 3181 tenentur
593 3125 730 3180 iudicandi
751 3127 860 3196 regulis.
899 3125 997 3195 Itaque
1016 3130 1047 3180 ut
1066 3125 1211 3197 ingenium,

240 3206 312 3260 sicut
331 3220 381 3275 par
401 3207 457 3272 est,
485 3201 698 3258 membranaceis
718 3202 852 3257 thesauris
873 3201 954 3273 longe
974 3202 1125 3273 praeferas,
1151 3202 1211 3272 plu·

240 3282 337 3337 simum
357 3287 447 3336 tamen
467 3279 580 3334 interest
598 3278 683 3350 ipsius
702 3279 816 3351 ingenii,
842 3296 923 3350 quam
943 3279 1073 3350 plurimos
1103 3278 1212 3333 codices

241 3355 405 3429 comparari,
433 3373 548 3426 quorum
568 3353 728 3411 testimoniis
747 3355 876 3410 iudicium
896 3355 930 3410 ds
949 3373 1015 3410 vera
1034 3355 1151 3411 lectione
1170 3355 1209 3410 ni·

241 3439 329 3502 tatur,
357 3440 384 3488 et
403 3433 495 3487 multis
515 3429 602 3487 modis
622 3432 765 3488 adiuvetur
785 3431 924 3487 divinatio.
965 3432 1055 3502 Quare
1076 3449 1130 3502 quo
1159 3431 1212 3486 sre-

244 3511 370 3582 qusntius
390 3509 507 3581 scriptor
526 3509 624 3582 aliquis
644 3509 679 3566 ad
699 3509 823 3566 codicum
842 3507 1015 3566 collationem
1028 3513 1141 3566 vocatus
1162 3513 1212 3576 est,
