2694 4116
636 289 848 343 -150-

253 444 402 516 repetenda
414 448 479 499 aunt
491 444 571 500 initio
585 445 671 500 omnib
683 445 842 502 subtilitates
852 446 1052 518 prommott‘coe,
1073 447 1232 520 incognitae

253 529 335 577 antea
360 521 469 592 optimis
494 522 688 593 scriptoribus,
718 540 768 578 neo
797 524 833 578 ab
864 524 923 594 ipso
949 523 1137 595 Aristophane
1166 527 1233 581 satis
1334 505 1335 548 t

254 604 381 653 accurate
400 597 590 670 investigatae.
623 599 721 669 Neque
740 616 806 654 vero
820 601 847 654 in
860 599 1033 671 gravioribus
1046 607 1154 655 tantum
1170 619 1234 673 par·

254 675 328 730 tibus
342 672 538 730 Grammaticos
552 676 655 748 aliquid
669 677 792 731 relictum
812 683 870 732 erat
883 674 1055 744 Aristarcho,
1076 677 1125 731 sed
1146 679 1232 734 etiam

194 785 198 794 ·
254 752 282 806 in
294 751 438 806 levissimis
452 752 623 822 quibusdam,
645 759 675 807 ut
694 753 721 806 in
740 753 887 807 formarum
909 753 1108 808 discriminibus
1123 755 1157 809 ad
1173 773 1229 810 car·

254 833 310 882 tam
329 828 452 898 reguiam
472 829 690 899 revocandis⁸¹):
716 846 787 899 quaa
812 847 896 900 quum
921 837 986 899 post
1011 829 1087 884 illum
1114 830 1154 885 ita
1175 849 1234 902 pcr-

256 904 369 975 vulgata
388 904 463 960 facte
482 905 543 974 sint,
563 913 595 960 ut
615 925 676 960 curn
695 906 757 977 ipso
771 906 879 962 Graeco
899 923 1022 962 sermone
1042 913 1107 962 nata
1121 907 1233 963 videan-

254 988 308 1050 tur,
328 998 460 1052 suppares
481 987 510 1036 et
528 985 695 1052 posteriores
710 987 809 1053 potitae
823 988 949 1054 arguunt,
970 983 1053 1053 vulgo
1068 1001 1123 1037 non
1139 985 1233 1040 obser-

255 1062 320 1113 vata
346 1074 434 1128 neque
458 1058 487 1111 in
513 1060 649 1114 constanti
672 1077 725 1114 usu
744 1059 837 1114 fuisse.
877 1059 921 1115 Ac
941 1060 1051 1114 fuerunt
1072 1061 1139 1114 olim
1159 1061 1234 1116 haud

256 1134 347 1203 dubie,
368 1135 415 1204 qui
434 1141 570 1206 putarent,
590 1136 618 1190 in
639 1137 728 1207 prisco
749 1139 833 1206 potita
852 1137 978 1191 anomala
992 1137 1126 1206 quaedam
1141 1138 1233 1192 istius-

256 1350 287 1383 αν.
305 1333 346 1388 84.
367 1334 424 1389 134.
443 1333 502 1387 228.
521 1331 580 1388 235.
599 1332 658 1387 247.
677 1330 736 1384 566.
756 1331 783 1382 in
802 1331 895 1397 quibus
913 1332 981 1381 bona
992 1332 1161 1383 fundamenta
1174 1340 1234 1384 sunt

256 1402 420 1453 accuratioris
438 1398 581 1468 prosodiae.
619 1399 691 1450 Adde
715 1414 797 1464 pauca
820 1399 852 1449 de
874 1400 1041 1466 anastrophe,
1066 1400 1099 1450 ad
1120 1397 1150 1462 β.
1177 1402 1235 1454 150.

258 1468 314 1520 (tat.
333 1470 377 1524 30.
395 1471 453 1525 346.
472 1469 531 1522 384.
550 1484 576 1535 γ.
596 1470 654 1524 240.
674 1466 756 1522 (194.
776 1483 799 1518 σ.
822 1470 878 1523 191.
905 1467 990 1518 Etiam
1002 1470 1029 1518 iu
1040 1469 1235 1534 orthographia,

257 1553 322 1603 quae
340 1539 442 1605 proprie
460 1537 561 1596 dicitur,
579 1536 727 1588 Aristarcho
745 1535 866 1586 debemus
883 1535 1001 1602 plurima,
1019 1539 1070 1586 iam
1082 1535 1144 1588 olim
1156 1537 1236 1603 vulgo

257 1613 374 1672 accepta:
394 1615 422 1656 ut
439 1606 508 1672 quod
526 1605 681 1656 coniunctim
699 1604 840 1655 scribuntur
852 1601 1094 1672 παλιμπλαγχθείς,
1106 1602 1236 1672 παλιναρ-

256 1670 348 1736 μένος,
367 1671 477 1741 ἐπίηρα,
495 1667 749 1741 Κηρεσαιφόρητας,
768 1669 964 1735 ὀνομάκλυτος,
988 1688 1037 1723 non
1055 1671 1135 1724 πάλιν
1154 1671 1236 1740 stior-

256 1739 341 1859 fliete
358 1750 415 1804 etc,
434 1760 459 1795 α.
478 1744 520 1799 59.
539 1743 598 1796 572.
615 1756 638 1791 ε.
658 1741 717 1795 178.
736 1739 763 1792 θ.
783 1742 842 1794 527.
862 1757 878 1792 ι.
897 1741 954 1795 147.
973 1738 995 1793 λ.
1014 1742 1074 1796 326.
1088 1757 1117 1810 χ.
1137 1744 1181 1796 51.
1201 1741 1235 1792 ct.

284 1826 354 1876 yma.
372 1810 399 1861 in
418 1811 482 1862 Ven.
503 1812 560 1864 111.
580 1812 647 1870 tet,
666 1817 754 1861 contra
766 1809 919 1867 distarem,
932 1805 976 1856 aui
986 1811 1084 1871 κεῖνος,
1097 1807 1142 1859 καὶ
1154 1808 1235 1871 κεῖθι,

258 1892 310 1928 non
329 1880 452 1946 κακεῖνος
469 1886 520 1931 etc.
538 1893 563 1942 γ.
582 1880 640 1932 402.
660 1876 682 1935 ζ.
702 1878 760 1932 200.
778 1883 835 1938 etc,
854 1876 923 1944 quod
946 1885 1113 1929 consonantes
1138 1879 1237 1944 passim

258 1949 491 2065 ihfiiiiih
506 1945 884 2068 iiroiditqi⁸ri⁶9¹i1i⁰¹²ii
896 1944 1237 2070 it‘ttitttifflitt

437 2051 442 2064 .
577 2050 582 2064 .
644 2050 650 2063 .
682 2052 688 2076 ,
761 2053 766 2067 .
822 2049 829 2074 ,
884 2051 889 2064 .
1147 2056 1152 2066 .
1231 2053 1237 2068 .

258 2080 286 2134 θ.
307 2083 366 2136 423.
386 2098 401 2133 ι.
423 2032 557 2137 1544299.
578 2084 636 2136 570.
656 2099 678 2134 1.
697 2083 756 2137 258.
774 2096 802 2142 μ.
820 2082 861 2134 26.
880 2096 902 2131 0.
925 2082 966 2136 31.
984 2090 1035 2133 etc.
1064 2082 1163 2134 Iisdem
1175 2099 1237 2148 pcr-

258 2151 322 2200 tinet
340 2150 535 2216 quodammodo,
554 2151 630 2216 quod,
649 2149 793 2214 ubicunque
811 2165 856 2214 per
880 2158 987 2200 metrum
1010 2149 1115 2211 licebat,
1140 2151 1237 2202 veteris

257 2217 364 2268 Iouismi
382 2234 458 2268 causa
476 2219 551 2269 verbe
564 2217 690 2269 truncavit
702 2217 844 2283 augmentis
856 2217 919 2274 suis,
932 2219 1082 2283 scripsitque
1095 2235 1146 2268 non
1159 2215 1237 2268 πάλλ’

259 2281 362 2336 ἔπαθον
381 2284 425 2336 καὶ
443 2283 517 2337 πάλλ’
536 2285 666 2352 ἐμόγησα,
686 2285 732 2336 sed
750 2283 834 2336 πολλὰ
852 2284 941 2336 πάθον
960 2282 1003 2334 καὶ
1021 2283 1109 2336 πόλλα
1119 2285 1156 2346 μό
1191 2301 1237 2347 αα,

258 2351 399 2434 σπλάγχνα
416 2351 548 2415 πάσαντο,
568 2349 654 2422 ἄλγεα
674 2353 768 2420 θῆκεν,
786 2349 907 2410 Γλαῦκος
924 2350 1007 2414 τίκτε,
1027 2350 1151 2422 ἔχθαιρε,
1179 2352 1239 2415 iza,

257 2423 319 2473 item
334 2420 429 2488 νερθε,
441 2422 539 2483 κεῖνος,
552 2439 602 2473 non
615 2419 718 2488 ἔνερθε
730 2431 777 2472 etc.
806 2437 831 2472 α.
850 2423 909 2476 598.
929 2419 951 2478 ζ.
972 2424 1028 2477 157.
1048 2439 1064 2473 ι.
1078 2423 1137 2476 488.
1157 2440 1181 2476 o.
1195 2425 1239 2476 94.

258 2507 285 2542 π.
305 2491 363 2544 648.
383 2499 407 2540 et
424 2490 487 2542 alibi
506 2492 668 2556 saepissime;
688 2489 814 2540 interdum
832 2490 895 2540 adeo
907 2505 965 2540 cum
977 2490 1136 2540 incommodo
1149 2490 1239 2556 aliquo

259 2575 428 2610 numerorum.
464 2559 582 2624 Denique
600 2557 653 2609 alia
671 2557 744 2608 istius
762 2558 922 2623 grammatici
939 2558 1039 2623 generis
1058 2575 1081 2608 r.
1092 2559 1125 2608 ad
1138 2573 1164 2610 α.
1177 2559 1238 2612 363.

260 2624 283 2675 θ.
302 2627 362 2681 245.
383 2630 443 2681 410.
480 2643 502 2678 ε.
521 2629 580 2680 746.
616 2624 639 2683 ζ.
656 2625 715 2680 432.
751 2625 779 2676 θ.
798 2627 857 2680 296.
874 2625 922 2689 (ψ,
934 2623 1005 2690 273.)
1032 2628 1090 2679 441.
1126 2643 1150 2677 κ.
1176 2627 1238 2680 332.

258 2694 319 2748 513.
355 2691 378 2742 λ.
403 2697 461 2748 441.
496 2711 524 2756 μ.
550 2695 610 2748 318.
647 2710 669 2743 ν.
697 2695 752 2747 103.
788 2711 811 2745 o.
836 2695 894 2748 240.
929 2710 955 2743 π.
980 2695 1038 2748 379.
1074 2710 1100 2760 ρ.
1125 2695 1168 2747 20.
1194 2696 1239 2748 95.

184 2784 192 2790 ·
262 2762 319 2816 688.
357 2776 380 2812 τ.
399 2762 440 2814 27.
475 2779 504 2828 φ.
522 2763 581 2818 573.
612 2778 640 2830 χ.
665 2762 724 2815 431.
761 2780 792 2812 ω.
816 2763 840 2816 8.
864 2762 922 2816 331.
946 2777 978 2812 ex
1002 2761 1094 2826 quibus
1118 2763 1239 2813 omuibus

260 2836 372 2894 apparet,
390 2829 415 2878 in
435 2846 510 2894 quam
528 2830 660 2881 minutulis
679 2830 868 2896 quaestionibus
887 2829 935 2879 illa
953 2837 1021 2880 aetas
1039 2829 1156 2880 haeserit.
1185 2829 1239 2881 sed

259 2897 383 2948 mittenda
399 2905 459 2948 sunt
476 2897 539 2948 baec
556 2907 582 2949 et
599 2898 688 2978 plura,
707 2897 739 2948 de
757 2899 849 2964 quibus
867 2901 894 2948 iu
919 2897 959 2948 his
981 2898 1121 2964 angustiis,
1143 2898 1239 2964 quibus

260 2966 712 3099 urgeat?’Viioigieeirissicliiiiiinuu
731 3041 820 3086 antea:
839 3049 906 3084 nuuc
923 3050 954 3085 ex
973 3033 1068 3084 Scholl.
1094 3049 1146 3084 rem
1170 3033 1239 3084 clare

259 3100 431 3181 perspicimus.
468 3099 535 3184 tiam
554 3103 766 3182 quod‘nusquam
784 3102 810 3152 in
829 3101 905 3186 li'om.
923 3099 1012 3164 θέλω,
1032 3099 1174 3184 presulatu
1197 3101 1238 3151 le-

258 3166 999 3304 ttthtttiht‘tt‘ttttttttttht‘ittttt
1011 3168 1238 3303 19333913ἶῇ

258 3304 487 3357 Alexandrinorum
506 3304 554 3355 ista
572 3304 691 3355 Carmina
708 3307 812 3372 ingenio
830 3304 934 3356 Homeri
952 3304 1068 3369 tribuit:)
1085 3305 1154 3372 quod
1172 3322 1239 3355 non-

259 3373 330 3424 nulla
348 3373 424 3424 etiam
442 3379 544 3438 praeter
567 3372 650 3440 legem
691 3374 844 3439 reportionis
866 3372 1039 3435 declinentur,
1064 3382 1093 3422 ut
1115 3367 1238 3442 Κάλχαν,

263 3437 342 3504 θόαν,
363 3435 535 3508 Πουλυδάμα,
556 3456 581 3490 α.
600 3441 641 3496 86.
682 3477 689 3492 .
708 3446 730 3497 1.
749 3457 777 3503 μ.
794 3442 854 3496 281.
874 3458 895 3492 ν.
915 3443 973 3496 222.
991 3458 1018 3508 ρ.
1037 3442 1105 3502 688..
1130 3441 1158 3491 id
1180 3457 1238 3493 cum

259 3508 385 3562 similibus
404 3509 493 3565 multis
513 3509 666 3560 Aristarchei
685 3509 772 3561 iudicii
789 3509 932 3576 putandum
950 3518 997 3564 est.
