2694 4116
634 321 846 374 -138—

250 478 427 536 Aristarchus
448 477 558 548 dignum
578 478 711 533 allaturus
730 479 766 534 sit
785 478 872 545 fama,
894 495 974 549 quem
996 477 1032 534 ob
1052 476 1228 534 emendatum

251 563 279 612 et
298 556 376 626 qussi
396 557 551 609 restitutum
572 558 681 626 po'e'tsm
702 571 834 612 consensu
855 556 940 611 omnis
954 555 1128 624 antiquitatis
1141 553 1227 624 adop-

250 641 295 688 tus
316 637 359 686 est
379 629 590 687 celeberrimam.

680 771 798 848 XLV.

326 902 491 958 Incredibile
512 902 587 958 dictu
608 909 663 971 est,
689 909 790 974 quanta
809 902 993 974 Aristarchi³)
1020 904 1086 958 olim
1106 903 1231 958 auotori-

249 986 292 1036 tas
311 981 393 1036 fuerit
412 995 466 1034 nou
486 981 574 1034 solum
593 979 666 1050 apud
686 979 810 1034 homines
830 979 950 1034 eiusdem
969 980 1155 1051 professionis,
1178 979 1228 1034 sed

249 1057 322 1128 apud
343 1057 463 1111 eruditos
484 1073 585 1126 omnes,
606 1062 633 1112 et
654 1055 776 1112 Graecos
797 1063 824 1111 et
837 1055 959 1110 Latinos.
994 1057 1128 1112 Nimirum
1142 1073 1230 1125 quum

252 1181 456 1194 -u——d

248 1237 323 1290 ruodo
341 1236 377 1287 its
394 1234 478 1288 Schol.
497 1233 584 1295 voluit,
603 1249 633 1284 ao
650 1249 701 1284 nou
725 1230 836 1301 ἀελλὴς,
861 1233 899 1285 uti
922 1234 1046 1300 scriptum
1071 1242 1118 1286 est.
1155 1231 1231 1284 Sub·

248 1305 383 1356 stantivum
401 1311 486 1354 autem
504 1301 551 1352 isto
575 1301 649 1352 modo
672 1301 813 1352 scribebant
836 1301 912 1360 olim,
935 1318 986 1352 non
1004 1295 1098 1354 ἄελλα.
1134 1299 1172 1350 cf.
1191 1299 1226 1351 V.

248 1374 278 1423 L.
296 1374 329 1424 ad
346 1389 373 1423 π.
392 1370 463 1438 374.)
483 1368 504 1427 ζ.
525 1369 581 1422 148.
599 1366 782 1436 ιηλεθόωντσ,
801 1386 858 1421 mox
876 1366 946 1437 ὥρῃ,
970 1385 1031 1420 cusu
1049 1368 1145 1428 tertio,
1168 1385 1231 1419 oum

248 1441 372 1492 similibus
388 1437 523 1490 nonnullis.
561 1438 661 1499 Qualia,
698 1437 724 1487 ui
741 1436 838 1488 acutius
863 1447 987 1500 moretur,
1012 1455 1089 1505 quam
1115 1437 1231 1502 plurime

247 1509 341 1560 chartis
359 1506 451 1558 illudat
468 1506 555 1571 quavis
573 1504 642 1556 hora.
678 1455 839 1556 Postremum
856 1505 929 1564 illud,
948 1501 1015 1574 ὥρῃ,
1027 1515 1167 1581 vreceptum
1187 1514 1232 1556 est

247 1577 278 1628 ab
297 1576 423 1635 omuibus,
441 1574 584 1624 oblitterato
602 1572 746 1639 antiquiore
762 1573 923 1634 nominativo,
942 1591 1021 1640 quem
1038 1590 1106 1625 nunc
1124 1573 1232 1624 tandem

248 1643 448 1764 revopsri,fiqrr}ile
465 1658 495 1692 ex
513 1658 544 1694 eo
562 1640 633 1722 haud
655 1642 743 1759 paullo
756 1641 850 1760 dr'spgtior
863 1642 1002 1727 'sententip
1024 1641 1234 1760 efficiehptrppmet

249 1729 365 1765 oonsruo
386 1729 400 1762 o
439 1727 522 1762 omero
535 1726 645 1776 propria,
674 1724 745 1776 αρος
812 1724 1111 1778 πιγιγνεταιωρη,υστσ
1210 1726 1234 1763 e.

248 1783 281 1832 Et
298 1796 367 1831 nuno
385 1780 468 1846 ipsum
486 1780 561 1830 sudio
579 1777 611 1828 de
628 1776 792 1838 Buttmsuno,
811 1779 961 1846 praestantis
986 1778 1084 1844 ingenii
1106 1778 1176 1837 viro,
1202 1781 1228 1828 ei

247 1848 409 1900 iamdudum
429 1848 533 1899 eundem
551 1849 675 1897 rationem
693 1855 718 1896 et
735 1848 913 1898 correctionem
932 1850 958 1896 in
976 1855 1085 1897 mentem
1111 1849 1229 1898 venisse.

315 1918 450 1968 Praetores
467 1931 516 1982 age
533 1917 612 1966 etiam
629 1914 740 1982 reliquos
758 1915 829 1966 locos
848 1916 888 1965 hic
906 1925 1038 1974 notemus,
1059 1915 1103 1965 ubi
1122 1914 1228 1965 Aristo-

248 2002 341 2080 pha-n-is
359 2001 430 2052 crisis
448 2001 585 2067 apponitur
603 2002 629 2052 in
648 2000 760 2052 scholiis
778 2000 884 2051 nostris:
903 1996 934 2054 A.
955 2002 1011 2054 124.
1034 2015 1060 2066 r.
1079 1985 1121 2054 ᾗ.
1140 1999 1163 2052 ὃ.
1183 1986 1231 2054 ff

875 2071 1047 2081 -ι--ο-ι

248 2103 275 2153 η.
290 2084 398 2169 pesga
417 2088 458 2141 10.
477 2087 535 2143 513.
545 2091 614 2165 Η.
632 2104 653 2139 κ.
675 2075 851 2166 1'53‘239143.
870 2089 911 2142 so.
930 2089 973 2142 ss.
990 2089 1049 2142 ers.
1073 2073 1229 2166 pesp}

249 2169 1227 2252 vpmmmwufflfflmmmemmmm

248 2274 276 2325 ρ.
297 2259 354 2313 irs.
369 2244 431 2313 ms.
450 2261 508 2313 ros.
527 2275 552 2312 0.
570 2260 629 2314 sss.
648 2275 670 2309 υ.
689 2261 748 2314 eoo.
766 2275 794 2325 φ.
816 2261 872 2313 rer.
897 2262 955 2316 249.
979 2263 1038 2315 sss.
1073 2257 1104 2310 ιη
1128 2257 1226 2376 putum

248 2343 323 2392 quatu
342 2327 409 2378 levia
425 2334 450 2378 et
467 2327 592 2378 minutula
609 2327 695 2387 insint,
714 2328 803 2380 viderit
821 2331 915 2390 statim,
935 2328 1080 2395 quicunque
1096 2342 1138 2378 nro
1150 2325 1227 2378 estis-

247 2397 310 2446 simo
328 2395 413 2446 labore
431 2404 515 2446 nostro
533 2395 569 2444 uti
589 2396 663 2446 volet.
692 2395 813 2460 Idemque
830 2396 1026 2448 inconstantiam
1043 2403 1070 2446 et
1086 2395 1226 2462 negligen-
1333 2399 1334 2444 l

247 2465 308 2515 tiam
326 2465 504 2530 Excerptorum
516 2462 557 2513 vel
570 2472 660 2528 sponte
672 2462 797 2529 intelliget
810 2463 881 2523 inde,
893 2465 961 2530 quod
973 2464 1028 2516 illio
1039 2464 1119 2530 plane
1130 2464 1229 2514 omissa
1333 2477 1334 2492 ³

247 2540 286 2584 est
303 2531 480 2599 Aristophanis
498 2531 605 2582 varietas
630 2531 656 2580 in
679 2547 705 2583 a.
727 2533 783 2585 122.
807 2529 1068 2597 φιλοκτεανέστατε,
1091 2547 1171 2598 quam
1197 2531 1227 2592 ii,
1333 2571 1334 2574 ¹

247 2602 290 2665 qui
309 2617 387 2667 propo
404 2600 468 2650 nihil
486 2599 628 2650 istiusmodi
648 2600 781 2664 praebent,
800 2601 950 2652 suruthius
975 2607 1001 2652 et
1018 2599 1120 2651 brevior
1138 2598 1227 2650 Schol.
1333 2637 1334 2648 .

247 2667 280 2717 acl
297 2667 388 2734 Odyss.
405 2666 434 2731 β.
455 2669 510 2723 190.
528 2677 670 2725 servarunt,
685 2684 764 2735 quum
783 2669 874 2719 eximia
892 2669 993 2720 Scholia
1011 2669 1075 2719 adeo
1100 2675 1226 2718 accurate
1333 2663 1334 2714 i

244 2735 370 2821 produnt,
393 2735 466 2786 illum
491 2753 512 2787 ν.
536 2737 594 2788 713.
618 2733 681 2815 σςρὶν
707 2734 812 2805 σταδίῃ,
835 2753 885 2786 non
910 2735 959 2801 σφὶ
981 2735 1094 2804 σταδίῃ,
1120 2732 1145 2792 ξ.
1164 2735 1224 2789 203·

254 2797 343 2863 Ρείας,
361 2819 412 2855 non
426 2798 516 2870 Ῥείης
533 2813 579 2854 eto.
597 2804 699 2870 legisse.

315 2871 355 2922 sd
373 2871 512 2938 Odysseaur
532 2872 641 2938 denique
659 2871 724 2922 uihil
741 2879 857 2938 superest
873 2873 1000 2940 praecipui
1012 2890 1045 2925 ex
1057 2873 1131 2924 variis
1144 2873 1224 2940 serip-
1333 2899 1334 2908 ¹

247 2939 310 2990 turis
328 2941 523 3007 Aristophanis,
541 2940 590 2990 nisi
612 2957 652 3006 ap.
670 2939 762 2990 Athen.
786 2949 812 2991 et
830 2941 955 3001 Eustath,
978 2941 1022 3007 qui
1046 2941 1124 3008 louge
1147 2941 1225 3008 plura

247 3007 316 3058 illius
339 3011 505 3075 grammatica
527 3007 615 3068 hebet,
639 3024 670 3058 ex
690 3002 890 3076 Ὑπομνήμασι,
914 3003 1055 3066 Γλώσσαις
1077 3021 1103 3060 et
1129 3009 1223 3061 similis

248 3078 350 3143 generis
367 3075 439 3128 libris
456 3085 585 3143 excerpts,
604 3092 668 3142 quae
687 3076 827 3128 diutissime
851 3093 895 3144 per
920 3094 1008 3128 manus
1031 3081 1141 3129 virorum
1163 3076 1221 3128 doc·

172 3177 174 3182 ,
246 3153 329 3194 torum
347 3145 439 3196 tradita
457 3145 583 3196 videntur.
619 3143 734 3195 indidem
754 3144 851 3210 aliquid
870 3146 897 3194 iu
916 3145 1023 3196 Venetis
1042 3145 1144 3198 effertur
1161 3162 1221 3212 sep·

247 3225 299 3262 tem
318 3213 381 3264 locis
400 3213 432 3263 ad
451 3212 677 3280 interpretandum,
690 3227 715 3263 α.
727 3213 751 3267 5.
764 3214 823 3268 567.
838 3229 854 3266 ι.
867 3213 926 3269 378.
939 3229 962 3263 κ.
975 3215 1033 3268 334.
1046 3211 1069 3264 λ.
1081 3217 1107 3268 l.
1120 3230 1150 3280 φ,
1165 3215 1222 3268 126.

247 3279 275 3344 ψ.
296 3282 363 3342 104.,
382 3280 444 3331 alibi
461 3280 494 3332 sd
512 3280 658 3347 prosodiam
681 3297 701 3333 s.
727 3291 861 3343 accentus,
886 3297 909 3330 ε.
929 3283 987 3336 289.
1012 3299 1034 3334 o.
1060 3284 1119 3337 606.
1138 3300 1161 3334 υ.
1179 3283 1222 3337 30.

247 3347 276 3411 ψ.
294 3351 353 3404 419.
372 3367 402 3401 ω.
422 3350 463 3404 84.
483 3350 543 3403 ooll.
562 3348 596 3398 ad
614 3364 637 3401 o.
657 3351 697 3403 10.

316 3416 338 3483 θ)
356 3417 411 3468 Sub
435 3416 585 3470 Ptolemaeo
609 3416 794 3482 Philometore,
821 3418 881 3469 circ.
912 3417 1012 3484 Olymp.
1041 3417 1126 3470 0th.
1156 3417 1222 3470 Vide

247 3482 328 3602 geylo
345 3485 414 3539 Dict.
433 3487 626 3608 upppistarque
642 3494 668 3536 et
686 3483 713 3536 0.
731 3485 760 3538 h.
777 3484 910 3540 Matthesii
932 3486 1000 3540 Dius.
1024 3487 1057 3539 de
1073 3487 1224 3540 Aristarcho

271 3553 426 3613 summatim,
448 3559 458 3608 l
516 3593 523 3606 .
