2702 4124
639 323 880 403 -6...’

237 528 320 582 porro
339 507 518 565 laborandum
537 513 616 578 esset,
638 509 702 563 dum
716 507 872 578 contingere
886 514 980 577 posset
994 513 1103 578 poetae,
1123 515 1154 564 ut
1174 511 1209 564 ab

238 587 312 641 omni
331 592 407 658 parte
426 603 510 656 purus
530 590 558 638 et
578 585 734 639 emendatus
754 585 884 654 prodiret,
918 584 1037 640 Tantum
1054 587 1150 641 aberat
1163 586 1210 642 ille

237 682 255 718 a
273 681 403 735 perversa
422 661 550 734 opinione
570 679 673 730 eorum,
694 662 741 731 qui
761 661 897 732 hodieque
917 661 990 715 hunc
1006 669 1119 732 textum,
1141 679 1209 732 qua·

236 741 271 795 lis
296 740 437 810 paullatim
464 739 534 792 forte
559 737 668 793 fortuna
693 739 781 793 factus
807 745 864 805 est,
892 739 1037 807 genuinum
1065 757 1097 793 ao
1122 755 1210 811 prope

237 817 462 874 Μουσόπνευστον
484 813 585 869 habere
604 816 745 885 videntur3
772 815 886 869 istorum
911 816 1034 885 exemplo
1055 816 1209 870 Buxtorfia·

237 911 348 961 norum,
375 893 422 962 qui
442 891 554 947 eandem
573 909 631 946 rem
651 892 716 945 olim
736 891 931 962 praedicabant
951 890 985 945 de
1004 892 1142 946 Hebraico
1164 909 1209 946 co·

238 969 298 1024 dice
318 986 377 1038 suo,
398 986 482 1038 quum
502 968 536 1022 ab
558 984 590 1022 eo
611 985 717 1022 omnem
737 968 837 1039 ingenii
857 975 885 1022 et
904 975 1009 1021 tantum
1028 985 1082 1022 non
1096 969 1210 1024 rationis

236 1046 370 1100 hnmanae
390 1063 469 1099 usum
488 1049 619 1112 arcerent,
643 1061 804 1114 aequoque
825 1052 953 1114 tanquam
973 1049 1147 1102 θεόπνευστα
1168 1061 1210 1099 re·

238 1121 327 1192 veriti,
349 1139 419 1192 quae
439 1137 510 1174 nunc
530 1137 546 1174 a
566 1121 654 1175 doctis
674 1121 847 1176 vitiosissima
866 1127 1003 1192 putantur.

693 1349 758 1424 IV.
849 1373 851 1381 ’

313 1504 339 1560 N
341 1521 372 1559 cc
388 1523 453 1560 vero
468 1494 608 1560 Ernestius
623 1505 771 1575 quidquam
784 1506 872 1560 minus
886 1521 993 1575 sperare
1007 1505 1106 1574 potuit,
1127 1523 1208 1576 quam

237 1581 306 1635 tales
327 1583 482 1636 exornando
501 1582 621 1636 Homero
641 1589 786 1653 tantasque
807 1582 900 1653 copias
920 1599 1070 1652 superesse,
1091 1591 1208 1652 quantae

236 1657 280 1711 his
301 1657 408 1711 demum
428 1664 532 1728 septem
552 1659 628 1712 annis
649 1659 813 1729 obtigerunt.
859 1658 919 1712 Iam
939 1659 983 1712 hic
1002 1659 1097 1728 paucis
1117 1659 1210 1712 verbis

238 1733 412 1789 delibandum
433 1736 511 1789 nobis
533 1742 573 1789 est
592 1735 696 1805 insigne
717 1735 842 1789 meritum
854 1735 1018 1801 Villoisonii,
1040 1736 1087 1805 qui
1105 1736 1209 1805 primus

238 1809 305 1864 duos
320 1811 413 1864 Iliadis
427 1812 534 1866 codices
545 1813 668 1866 Venetos
682 1812 709 1866 in
723 1812 864 1881 publicum
876 1811 990 1880 protulit
1003 1828 1064 1866 cum
1078 1829 1111 1866 ea
1124 1811 1209 1864 Scho-

239 1887 337 1941 liorum
363 1890 504 1958 congerie,
532 1905 603 1957 quae
629 1890 800 1958 antiquarum
825 1895 852 1942 et
877 1888 912 1942 ad
937 1887 1035 1943 horum
1055 1887 1210 1942 Carminum

238 1962 296 2017 fata
317 1970 453 2019 attextus
478 1965 660 2019 conditionem
680 1965 894 2036 perspiciendam
919 1966 1025 2020 utilium
1050 1981 1140 2018 rernm
1164 1980 1209 2017 co·

238 2040 311 2109 piam
331 2041 415 2094 multo
435 2042 581 2108 maiorem,
602 2058 683 2110 quam
704 2041 787 2096 ceteri
807 2043 833 2095 in
855 2059 938 2096 unum
958 2041 1048 2095 collati
1069 2041 1131 2094 libri
1152 2057 1208 2094 om-

238 2132 296 2183 nes,
318 2117 481 2186 suppeditat,
504 2124 585 2187 atque
606 2119 714 2172 omnino
735 2118 837 2172 criticis
859 2126 886 2173 et
904 2117 1086 2188 grammaticis
1107 2117 1212 2170 divitiis

238 2208 293 2246 non
313 2193 393 2246 modo
414 2194 574 2258 Eustathio,
600 2194 648 2247 sed
669 2194 793 2248 omnibus
819 2195 936 2248 omnium
962 2199 1105 2265 poetarum
1125 2193 1210 2246 Scho-

238 2268 325 2322 liastis
344 2269 425 2339 longe
445 2270 592 2324 antecellit.
626 2271 798 2340 Ignoscenda
817 2271 853 2325 sit
873 2271 966 2326 forsan
980 2271 1113 2340 cupiditas
1128 2285 1210 2340 quae·

240 2344 302 2398 dam
322 2344 349 2399 in
368 2346 505 2400 laudando
525 2346 605 2414 libro,
627 2363 708 2417 quem
729 2349 812 2418 longa
831 2354 859 2401 et
880 2364 997 2418 operosa
1016 2348 1144 2402 tractatio
1162 2363 1212 2398 no·

238 2421 281 2475 bis
302 2437 393 2475 carum
413 2423 486 2476 fecit.
519 2423 623 2478 Verum
642 2424 680 2478 ita
702 2423 735 2478 de
751 2424 799 2478 illo
814 2441 948 2494 quemque
962 2425 1115 2478 existimare
1129 2426 1213 2491 cogat

240 2498 308 2552 levis
329 2499 495 2568 comparatio
517 2516 620 2568 eorum,
642 2518 711 2570 quae
732 2501 759 2553 in
779 2501 834 2554 hoc
854 2517 953 2571 genere
972 2510 1049 2555 erant
1061 2502 1136 2572 prins
1150 2499 1210 2553 vul·

239 2579 317 2644 gata:
339 2592 416 2629 secus
438 2576 485 2645 qui
505 2577 667 2644 sentiebant,
687 2577 730 2631 vel
750 2594 805 2631 non
826 2585 948 2632 recentes
969 2584 1046 2632 erant
1060 2595 1076 2630 a
1089 2574 1212 2631 Scholia-

240 2657 341 2704 starum
362 2651 495 2717 lectione,
522 2652 567 2706 vel
594 2653 704 2707 editoris
730 2655 817 2723 prima
841 2655 1019 2724 promissione
1044 2655 1073 2707 in
1099 2651 1210 2707 nimiam

240 2743 315 2796 spem
336 2729 427 2796 erecti,
448 2728 563 2798 speratis
582 2746 645 2783 mox
664 2731 768 2784 minora
785 2749 814 2785 se
829 2732 966 2800 accepisse
980 2747 1062 2800 aegre
1075 2728 1211 2784 ferebant.

239 2802 376 2857 Videntur
394 2804 464 2858 adeo
484 2805 582 2870 fuisse,
604 2807 650 2875 qui
671 2825 754 2876 quum
773 2807 922 2876 Zenodoti,
950 2807 1117 2873 Aristarchi,
1145 2801 1212 2856 Gra·

239 2879 311 2948 tetis,
326 2879 483 2948 Alexionis,
504 2887 545 2936 tot
559 2880 672 2936 aliorum
684 2884 939 2951 Alexandrinorum,
952 2885 1061 2948 nomina
1074 2884 1113 2938 ibi
1127 2892 1212 2948 saepe

239 2954 339 3025 afferri,
360 2957 490 3012 lectiones
511 2958 593 3012 etiam
615 2960 772 3028 editionum,
794 2978 907 3031 quarum
927 2961 1017 3015 tennis
1037 2960 1073 3014 ad
1092 2976 1143 3013 nos
1158 2971 1212 3008 me·

241 3032 328 3086 moria
347 3034 473 3102 venisset,
494 3042 577 3104 atque
596 3037 742 3090 multorum
762 3037 907 3107 singularia
920 3036 953 3090 de
966 3035 1086 3094 Homero
1100 3051 1144 3090 scr
1155 3031 1216 3108 ipta

240 3107 345 3163 laudari
371 3109 551 3178 audivissent,
582 3113 708 3167 continuo
735 3114 784 3167 has
810 3115 883 3183 ipsas
910 3114 1148 3168 commentationes
1183 3113 1215 3166 et

240 3189 417 3259 διορθώσεις,
443 3185 573 3241 inunum
597 3205 695 3257 corpus
722 3197 894 3260 compactas,
919 3191 999 3245 nobis
1024 3191 1147 3244 oblatum
1178 3184 1214 3242 iri

240 3264 423 3332 opinarentur.
457 3263 578 3318 Tandem
598 3265 700 3335 prodiit
719 3265 797 3336 liber,
817 3267 900 3337 longa
920 3267 1124 3337 exspectatione
1145 3265 1210 3320 doc·

239 3345 329 3392 torum
350 3338 516 3408 celebratus,
542 3342 603 3411 plus
624 3341 734 3397 dimidio
755 3344 843 3397 minor
863 3360 944 3412 quarn
965 3343 1133 3398 Eustathius.
1174 3342 1214 3395 Et

240 3414 332 3468 attulit
351 3417 538 3471 tantummodo
560 3433 592 3472 ex
611 3418 663 3472 illis
678 3420 833 3474 criticorum
848 3426 875 3474 et
888 3421 1066 3491 interpretum
1080 3420 1212 3490 operibus

240 3490 390 3560 Excerpta,
416 3509 469 3546 non
489 3510 522 3547 eo
542 3493 665 3548 instituto
690 3496 779 3563 facta,
804 3498 878 3567 quod
906 3498 967 3568 quis
991 3504 1114 3550 nostrum
1139 3510 1213 3550 nunc

240 3574 369 3636 sequatur
387 3567 415 3622 in
436 3570 619 3642 excerpendo,
640 3574 722 3628 modo
743 3575 883 3643 uberiora,
908 3574 990 3630 modo
1011 3573 1214 3639 contractiora;
