2702 4124
660 333 853 389 ...20-

273 511 431 569 oblitterata
455 509 683 564 constructionem
708 513 882 580 corruperat,
902 514 934 564 ιιι
953 523 981 574 ρ.
999 508 1057 560 629.
1096 505 1192 563 Simile
1214 523 1257 562 ex

273 606 327 644 una
345 587 468 642 litterula
486 586 582 640 vitium
608 591 650 640 est
676 581 698 640 ξ.
720 591 788 640 extr.
807 581 966 642 ἐλάσαντες,
990 585 1156 639 nominativo
1176 583 1256 638 nihil

272 664 405 731 habente,
431 661 502 718 unde
527 661 652 733 pendeat.
691 662 872 718 Duriesimum
891 664 939 728 sit,
965 678 1027 717 sum
1049 659 1189 716 retrahere
1209 661 1255 716 ad

273 737 461 807 dpecoduedm
479 738 524 793 vel
544 755 577 794 ex
593 755 670 808 seqq.
692 731 725 786 αἴ
736 734 767 786 κέ
784 735 851 788 uode
869 731 942 793 Ζεὺς
959 731 1027 806 dqip,
1045 744 1168 808 spectato
1182 737 1254 791 solo

272 826 362 879 sensu,
382 811 495 881 aliquod
522 815 635 870 verbnm
660 813 764 884 primae
784 829 917 883 personae
942 814 1099 882 exprimere.
1138 813 1253 868 Harum

273 888 511 958 grammaticarum
529 907 659 946 venerum
679 890 802 960 exempla
821 888 912 945 adhuc
933 905 1036 960 quaero
1055 891 1130 961 apud
1143 889 1252 943 Home-

273 981 332 1018 rum
352 972 462 1034 praeter
480 985 526 1035 ea,
547 983 618 1037 quae
638 968 699 1037 ipsc
718 973 846 1038 suspecta
864 973 943 1036 sunt,
968 973 1000 1021 ut
1020 966 1119 1038 Odyss.
1141 963 1165 1018 δ.
1182 964 1249 1030 263,

273 1039 321 1095 ubi
340 1040 446 1111 aliquot
465 1044 590 1099 codicum
604 1044 735 1114 optimam
747 1044 909 1113 scripturam
923 1039 1140 1109 νοσφισσαμένην
1161 1044 1250 1098 etiam
1337 1053 1338 1096 ὲ

274 1133 308 1172 ex
327 1117 465 1174 veteribus
478 1121 558 1176 affert
577 1119 748 1192 Eustathius,
768 1125 908 1186 mutatam,
930 1120 1035 1190 opinor,
1054 1120 1091 1175 ab
1110 1119 1153 1186 iis,
1173 1137 1249 1190 quos

275 1193 403 1249 cumulati
422 1196 503 1252 iidem
523 1213 602 1252 casus
623 1196 724 1252 diversi
743 1197 849 1267 generis
863 1195 1039 1264 offenderent,
1059 1202 1189 1267 tanquam
1208 1195 1247 1250 Il.

269 1283 299 1336 χ·
326 1269 382 1321 109·
421 1271 477 1327 Vix
503 1274 573 1329 enim
597 1279 721 1328 veterum
744 1273 844 1342 aliquis
868 1271 1007 1343 vulgatam
1031 1273 1138 1344 vulgari
1162 1272 1248 1327 modo

273 1340 1249 1496 22582282222252522222222228522225222

274 1515 310 1554 ne
330 1444 529 1572 Glossograghi
550 1501 660 1573 quidem
678 1444 759 1558 nolpiis
774 1502 931 1569 obtrudant,
951 1516 1006 1556 uno
1026 1509 1102 1558 certe
1121 1443 1246 1572 execlnplc

273 1575 446 1647 probandum
466 1584 533 1635 erat.
567 1577 737 1650 Eustathius,
758 1579 824 1650 quid
837 1579 864 1632 in
877 1579 955 1634 libris
968 1578 1023 1632 suis
1036 1579 1142 1650 legerit,
1162 1596 1246 1649 quae·

274 1657 378 1707 rentem
391 1653 538 1710 frustratur
559 1654 677 1708 molesto
697 1656 743 1710 illo
763 1651 807 1705 καὶ
823 1651 897 1720 ἑξῆς.
929 1655 1085 1724 Enimvero,
1105 1657 1129 1711 si
1147 1656 1187 1710 ita
1205 1655 1244 1710 le·

275 1730 369 1799 gisam,
388 1736 444 1786 tam
460 1731 609 1786 inauditam
622 1731 847 1800 significationem
865 1749 921 1787 non
933 1731 1090 1799 omismrus,
1110 1739 1159 1787 aut
1176 1731 1245 1787 alibi

274 1805 312 1861 ad
335 1822 396 1862 mm
419 1807 556 1863 rediturus
578 1807 690 1877 luisset,
714 1809 744 1862 id
767 1808 842 1878 quod
867 1808 942 1862 nullo
968 1807 1035 1862 facit
1057 1808 1130 1863 loco.
1173 1809 1245 1864 Nam

276 1883 327 1940 etsi
349 1901 378 1954 p.
405 1887 488 1943 1013.
513 1885 532 1940 l.
554 1890 599 1943 55.
624 1883 661 1940 ad
681 1899 704 1934 o.
723 1885 775 1936 224
791 1880 930 1934 πυθέσθαι
952 1902 1013 1939 cum
1038 1885 1159 1956 genitivo
1180 1901 1245 1940 con·

276 1966 407 2014 structum
427 1963 467 2018 ita
485 1968 577 2030 notat,
597 1968 629 2016 ut
648 1967 676 2016 st
694 1961 763 2017 alibi
782 1961 816 2016 ds
836 1977 869 2017 eo
890 1977 989 2034 genere
1008 1963 1144 2016 monuisse
1163 1962 1246 2032 signi-
1339 2025 1340 2028 Ἴ

276 2035 352 2102 ficet,
373 2036 402 2090 id
421 2055 476 2092 non
496 2039 613 2108 pertinet
632 2039 669 2093 ad
688 2038 744 2092 vim
763 2038 911 2107 obedimsdi,
935 2036 984 2092 sed
1003 2038 1179 2109 eopaeeesnds‘
1196 2055 1246 2092 seu

276 2113 416 2182 maaet,
442 2113 477 2169 de
500 2131 556 2184 qua
579 2131 644 2169 sane
665 2113 770 2170 dixerat
794 2132 821 2185 p.
842 2119 906 2171 655.
931 2116 949 2168 l.
970 2118 1016 2170 42.
1056 2114 1144 2185 Igitur
1163 2115 1247 2170 etiam

275 2187 437 2244 Eustathiun
472 2190 647 2246 correctionis
687 2199 797 2246 nostrae
825 2191 983 2246 auctoribus
1017 2189 1158 2246 addendus
1194 2198 1245 2246 est.

278 2262 384 2320 Clarius
404 2266 476 2321 idem
496 2267 637 2321 confirmat
656 2273 777 2322 nostram
796 2267 940 2322 lectionem
959 2262 983 2314 d·
1003 2267 1120 2330 11.‚ubi
1140 2269 1167 2322 iu
1187 2267 1246 2322 vul·

277 2348 343 2412 geta
361 2343 475 2398 verbnm
497 2337 573 2395 deiecta
591 2360 653 2398 curn
677 2342 771 2399 dativo
790 2343 961 2415 iungebatur.
1001 2343 1035 2397 ld
1058 2345 1085 2398 in
1105 2344 1247 2412 similibus,

277 2416 419 2484 γεγωνεῖν,
436 2415 591 2480 tendendae,
608 2414 730 2468 κελεύειν
748 2420 866 2488 solitum,
890 2438 926 2476 an
949 2419 1043 2475 inille
1063 2437 1173 2492 quoque
1192 2420 1248 2474 usi·

278 2503 365 2552 tatum
385 2497 433 2564 eit,
459 2497 634 2551 vehementer
654 2496 764 2565 dubit03
789 2496 909 2552 Homero
928 2503 1021 2553 autern
1041 2497 1171 2552 usitatum
1190 2513 1246 2551 non
1339 2507 1341 2542 ι

279 2589 339 2628 esse
357 2573 448 2627 video.
487 2572 584 2643 Neque
603 2572 656 2628 hac
676 2592 730 2630 una
748 2574 894 2629 insolentia
912 2573 1038 2629 laborare
1058 2589 1174 2642 versum,
1198 2589 1247 2627 nu·

278 2649 359 2705 meris
383 2655 509 2705 assuetae
534 2666 614 2705 aures
639 2649 746 2706 docent.
785 2650 829 2704 llx
852 2651 907 2707 alio
931 2665 1030 2722 genere
1050 2649 1135 2704 taleas
1152 2649 1248 2705 analo·

279 2727 341 2797 gius
364 2726 453 2781 forma
479 2733 537 2781 erat
561 2740 584 2776 v·
601 2725 669 2789 485,
692 2727 754 2781 hinc
777 2727 806 2781 in
824 2728 927 2783 indices
954 2726 1131 2782 dialectorum
1150 2727 1247 2793 relate,

278 2798 470 2867 rssrtvvt'mda·
500 2802 569 2869 Nos,
590 2809 618 2857 et
637 2820 690 2857 usn
710 2809 738 2858 st
757 2806 891 2861 sententia
909 2807 1048 2873 poscente,
1069 2819 1103 2857 ex
1123 2803 1248 2872 pluribus

280 2877 360 2933 codd.
385 2879 507 2934 dedimus
531 2891 565 2943 γε
582 2875 740 2942 γενοίμεθα.
777 2879 887 2937 Scilicet
907 2879 1015 2934 codices
1038 2878 1117 2934 nobis
1137 2895 1249 2949 exspec-

279 2955 355 3011 tandi
384 2964 461 3011 eraut
489 2957 592 3011 maiore
620 2972 747 3024 numero,
777 2964 808 3013 ut
836 2956 1016 3029 ineptissimas
1045 2957 1192 3026 scripturas
1220 2963 1249 3010 et

280 3032 396 3087 maxime
415 3033 551 3103 proclives
575 3032 668 3102 lapsus
693 3035 883 3090 nonnullorum
901 3032 1073 3088 librariorum
1096 3033 1248 3103 corrigere·

279 3125 348 3176 mus,
369 3115 399 3162 ut
418 3124 446 3158 π.
458 3109 517 3160 380.
535 3105 589 3158 ἀνά
606 3109 633 3163 in
653 3101 717 3174 ἄρα,
735 3123 762 3157 o.
779 3111 838 3170 405,
856 3107 931 3172 ἔσαν,
950 3110 978 3164 in
990 3102 1060 3169 ἴσαν,
1074 3124 1098 3157 υ.
1110 3108 1169 3158 409.
1181 3106 1249 3157 πᾶσι

280 3186 309 3240 in
327 3181 406 3234 παισί
421 3193 595 3241 mutaremus.
635 3185 717 3241 Adde
742 3184 784 3240 his
809 3186 963 3242 facillimam
987 3192 1015 3241 et
1033 3187 1089 3241 late
1108 3191 1248 3255 patentem

282 3261 468 3318 confusionem
486 3263 638 3328 modorum,
658 3262 791 3332 inprimis
804 3263 969 3319 subiunctivi
988 3269 1016 3317 st
1035 3262 1159 3332 optativi,
1180 3279 1248 3333 quo·

177 3406 182 3414 .
282 3357 342 3394 rum
360 3340 510 3410 legitimum
530 3339 676 3394 discrimen
695 3339 747 3409 ipsi
761 3337 890 3395 Graeculi
908 3345 1107 3410 postremorum
1126 3339 1248 3394 caeoldo·

281 3433 341 3469 rum
361 3433 457 3486 parum
480 3421 554 3470 recte
577 3422 730 3471 tenuerunt.
769 3415 871 3472 Notavi
895 3413 1004 3486 quidem
1023 3415 1091 3469 mihi
1113 3415 1150 3471 ad
1170 3415 1248 3486 quin·

282 3490 370 3546 decim
389 3492 512 3562 exempla
535 3490 615 3547 huius
642 3492 820 3562 confusionis,
845 3492 943 3563 quibus
966 3492 1003 3547 ad
1023 3492 1145 3564 regulam
1164 3494 1248 3547 corri-

282 3567 378 3640 gendis
398 3575 426 3625 et
445 3575 560 3626 metrum
579 3575 606 3626 et
625 3569 688 3625 libri
708 3584 800 3626 ornnes
820 3569 943 3626 obstent:
963 3576 993 3626 at
1013 3569 1042 3624 in
1060 3569 1142 3642 longe
1161 3569 1247 3640 pluri-
