2702 4124
481 318 689 394 ³41-

91 473 218 528 finitima
243 471 359 529 Graecia
384 491 438 529 non
466 474 544 530 aliter
567 475 680 547 vulgata
705 492 779 545 esse,
805 493 885 546 quam
911 475 983 546 apud
1008 473 1081 546 Aga-

92 551 230 622 thyrsos,
260 548 421 606 Aristotelis
447 557 553 621 aetate,
581 560 663 623 atque
690 559 770 606 antea
795 553 867 623 apud
888 551 1030 606 Cretenses
1054 557 1083 606 et

94 627 346 696 Lacedaemonios,
368 645 439 697 quos
460 629 523 681 huic
536 629 575 682 rei
590 629 670 682 etiam
685 635 794 683 cantum
808 636 836 683 et
848 629 966 682 musicos
986 628 1082 682 modos

94 703 262 759 adhibuisse
284 709 400 758 constat.
435 702 528 758 Primi
547 705 712 759 Graecorum
732 705 849 764 omniurn
869 705 984 774 scriptas
1007 705 1083 774 leges

94 785 269 849 acceperunt
288 780 372 834 Locri
394 781 573 850 Epizephyrii
596 799 612 835 a
638 781 812 851 Zaleucosst),
841 798 920 850 quern
946 781 1082 834 Eusebius

93 856 181 925 ponit
200 855 342 911 florentem
362 857 472 930 Olymp.
492 857 595 912 XXIX
622 865 684 912 ante
705 857 768 912 (ihr.
795 861 859 914 664.
886 875 927 911 aa·
955 856 991 913 70
1018 862 1082 911 ante

94 932 240 987 Solonem.
691 932 694 936 ’

180 1009 283 1063 Verum
307 1009 341 1064 de
362 1010 474 1065 Zaleuci
493 1011 614 1082 legibus,
641 1029 754 1081 quarum
774 1011 880 1066 nonnisi
900 1010 988 1064 tenuis
1008 1010 1082 1063 fama

95 1091 241 1154 superest,
263 1093 391 1156 corrupta
415 1105 432 1141 a
453 1088 696 1156 declamatoribus,
717 1093 748 1141 ut
769 1088 821 1142 alic
841 1087 940 1153 multa,
965 1085 1004 1140 ita
1028 1086 1082 1139 hoc

95 1179 214 1232 prorsus
233 1162 355 1232 ignotum
377 1171 433 1232 est,
462 1181 517 1233 quo
541 1181 639 1234 genere
660 1165 796 1218 scribendi
818 1171 844 1219 et
865 1163 963 1234 quibus
984 1163 1081 1216 instru-

96 1236 200 1292 mentis
221 1246 346 1294 exaratae
367 1240 428 1294 sint.
470 1240 578 1294 Solonis
598 1247 688 1296 autem
709 1247 799 1294 aetate
821 1237 1080 1310 qualis'Athenien-

96 1314 171 1367 sium
185 1315 319 1383 scriptura
332 1315 424 1384 fucrit,
445 1317 556 1386 publiea
571 1318 690 1387 quidem,
710 1318 896 1371 demonstrant
907 1317 982 1384 leges
996 1315 1081 1384 ipsius

96 1389 212 1462 Olymp.
238 1391 344 1458 XLVI,
367 1399 393 1449 3.
415 1401 478 1447 ante
493 1393 555 1447 Chr.
579 1398 644 1450 594.
665 1393 778 1448 rudibus
798 1393 917 1447 materiis
930 1393 1080 1460 inscalptae

172 1565 205 1635 8Ι)
228 1570 285 1621 Etsi
309 1571 358 1622 duo
382 1577 480 1621 tantum
504 1571 590 1622 idonei
614 1581 728 1624 auctores
756 1579 857 1624 exstant
884 1572 961 1622 buius
990 1572 1080 1630 famae,

98 1635 228 1702 Seymnus
247 1639 345 1706 Perieg.
363 1639 423 1693 313.
441 1639 532 1690 Strabo
550 1641 594 1690 Vl.
613 1657 638 1707 p.
657 1643 728 1704 259„
752 1659 808 1690 eam
831 1647 914 1690 tamen
939 1637 999 1689 olim
1019 1654 1080 1686 oon-

98 1704 287 1758 stantissimam
305 1709 383 1759 luisse
402 1707 495 1758 clarum
515 1715 555 1758 est
573 1725 606 1759 ex
623 1710 704 1760 verbis
729 1710 854 1774 ipsorum,
882 1716 911 1757 ut
929 1706 992 1756 nihil
1011 1704 1081 1755 aliud

97 1773 198 1838 legisse
216 1777 329 1826 videatur
348 1775 435 1826 Cicero
453 1778 480 1824 in
498 1775 580 1838 libris,
598 1795 663 1844 ques
681 1777 763 1842 tangit
777 1777 809 1826 ad
823 1778 873 1828 Att.
885 1775 929 1834 Vl,
944 1777 967 1827 1.
993 1773 1080 1837 Auge·

101 1848 143 1890 tur
163 1859 240 1906 quam
259 1845 366 1896 maxime
384 1843 485 1909 pondus
499 1844 574 1896 huius
589 1847 747 1896 auctoritatis
760 1844 886 1894 communi
897 1843 985 1892 morbo
999 1843 1080 1890 Grae-

99 1925 199 1970 corum,
218 1927 293 1978 quem
311 1913 399 1980 paullo
417 1919 476 1963 ante
493 1912 519 1962 in
539 1914 632 1979 Gorgia
646 1915 735 1964 notavi
758 1921 782 1961 et
805 1927 884 1976 saepe
908 1909 978 1959 alibi.
1015 1905 1080 1966 Qui-

99 1993 203 2042 cunque
228 1980 294 2030 enim
320 1982 375 2032 ullo
398 1988 512 2044 tempore
537 1982 680 2032 claruerant
706 1979 807 2045 legibus
834 1978 961 2037 ferendis,
990 1977 1079 2026 eodem

98 2061 191 2097 omnes
210 2049 265 2098 loco
282 2049 316 2100 ab
334 2050 386 2100 illis
406 2050 496 2100 haberi
514 2050 639 2100 solebant:
659 2049 733 2100 etiam
752 2047 863 2106 fabulae,
882 2047 958 2097 Ceres
976 2043 1081 2104 θεσμο-

99 2113 208 2182 φόρος,
227 2116 407 2182 Triptolemus,
425 2118 546 2184 (ἔθει-ομ,
565 2135 615 2168 non
634 2125 795 2184 spernuntur.
821 2115 892 2166 Alias
911 2117 937 2164 in
955 2114 1003 2164 hoc
1016 2129 1079 2178 quo-

100 2199 152 2246 que
169 2201 264 2250 genero
282 2202 315 2235 ox
335 2185 519 2238 consuetudine
538 2188 614 2252 prisci
633 2185 687 2236 aeri
706 2191 853 2250 congestum
866 2193 905 2234 est
917 2185 941 2234 in
955 2181 1080 2247 singulos,

100 2253 170 2316 quod
195 2270 245 2303 non
263 2255 339 2304 unius
357 2257 446 2305 aetatis
470 2255 567 2316 suerat,
595 2255 637 2304 vel
661 2259 785 2303 mutatum
811 2260 837 2302 et
859 2251 1000 2317 expolitum
1026 2258 1081 2299 erat
1101 2266 1102 2269 ¹

100 2320 194 2370 studiis
213 2321 324 2386 plurium
346 2323 421 2372 variis
445 2324 533 2374 modis.
570 2321 664 2372 Annon
689 2322 739 2371 hoc
763 2321 854 2371 iactum
880 2329 919 2370 est
942 2319 967 2366 in
993 2317 1079 2368 Minoe

100 2387 226 2449 Cretensi,
245 2391 272 2438 iu
291 2390 417 2457 Lycurgo,
436 2391 495 2441 item
514 2395 540 2442 in
558 2391 648 2441 Mose?
668 2389 808 2454 Scripsisse
827 2399 911 2438 autam
929 2385 1007 2448 vulgo
1026 2401 1081 2436 ore·

100 2455 225 2506 dabantur
242 2457 282 2507 illi
300 2475 404 2519 omnes,
428 2477 475 2510 neo
494 2459 594 2511 clariori
617 2458 668 2508 luci
685 2457 807 2507 historiae
825 2455 949 2506 cedebant
971 2452 1080 2503 fabulae.

99 2524 140 2573 Ita
163 2524 283 2576 Clemens
310 2525 402 2576 Strom.
420 2527 440 2578 Ι.
459 2545 485 2593 p.
503 2529 562 2582 309.
586 2528 617 2579 A.
645 2525 771 2584 Zoieaco,
791 2521 874 2588 primo
897 2524 980 2586 layum
1005 2519 1081 2569 latori

101 2593 215 2658 (proprie
232 2594 270 2644 sio
292 2595 494 2660 appallateam,
520 2596 564 2662 qui
587 2596 682 2660 primus
701 2593 848 2658 scripserat:
872 2591 969 2656 priores
994 2589 1079 2654 potius

100 2659 249 2712 educatores
273 2663 364 2713 civium
390 2679 494 2715 suorum
518 2675 544 2714 et
565 2663 736 2715 moderatores
754 2660 877 2723 sacreum)
895 2658 1007 2708 Minoem
1035 2656 1081 2706 tali

98 2727 173 2778 modo
192 2730 304 2794 apponit,
323 2739 353 2781 ut
371 2734 421 2786 is'i
441 2731 548 2782 saeculis
566 2740 623 2782 ante
642 2748 694 2782 rem
713 2730 821 2779 eandem
834 2729 923 2778 iecisse
936 2724 1080 2776 censendus

99 2797 140 2847 sit.
171 2795 264 2862 Neque
282 2797 408 2849 Clementi
428 2809 514 2850 auctor
533 2800 608 2865 louge
627 2799 787 2866 quaerendus
806 2805 865 2846 erat.
893 2797 957 2845 Nam
969 2796 996 2844 in
1011 2792 1079 2844 Dial.

100 2862 234 2916 Platonico
254 2884 282 2948 p.
301 2867 360 2920 320.
381 2866 410 2920 G.
431 2867 524 2919 diserte
547 2868 690 2918 tribuuntur
713 2865 794 2916 Minoi
818 2863 892 2925 νόμοι
918 2862 947 2910 ἐν
968 2860 1082 2931 χαλκοῖς

98 2944 302 2997 γραμματειοις
317 2933 510 3002 γεγραμμένοι.
545 2937 595 2998 Qui
621 2936 707 2995 locus,
730 2935 815 2982 nescio
839 2931 978 2997 quomodo,
1002 2933 1080 2980 etiam

98 3009 242 3051 nostrorum
262 3011 406 3068 temporum
426 3004 580 3054 doctissimis
600 3004 663 3054 viris
676 3001 826 3061 fraudifuit,
846 3017 922 3065 quum
935 2999 1079 3050 simillimus
1109 3025 1111 3028 ·

100 3065 124 3116 iu
144 3069 236 3118 eodem
255 3071 378 3136 opusculo
403 3073 470 3122 alius
494 3072 621 3122 neminem
645 3070 817 3122 commoverit.
859 3067 964 3118 Scilicet
990 3067 1079 3117 eodcm

100 3142 164 3186 teste
183 3137 315 3202 tragoedia
334 3157 364 3189 ex
383 3137 521 3206 Thespidie
540 3146 566 3190 et
583 3140 720 3206 Phrynichi
739 3143 821 3188 aetate
839 3136 871 3186 ad
890 3136 983 3188 Minois
1001 3145 1078 3184 retra-

99 3202 183 3254 henda
202 3211 257 3255 erat
275 3216 300 3256 et
318 3205 479 3258 illudendum
497 3207 529 3258 iis
547 3209 679 3268 omnibus,
698 3207 743 3272 qui
761 3205 898 3256 Homerum
916 3205 997 3254 multo
1015 3203 1078 3252 anti-

99 3273 214 3336 quiorem
232 3275 365 3339 tragoedia
383 3275 504 3326 fecerunt.
538 3275 575 3326 At
592 3277 683 3326 doctus
703 3273 887 3325 Grammaticus
906 3270 1078 3336 Apollodorus

99 3339 168 3390 Bibl.
187 3339 233 3401 111,
256 3343 276 3403 l,
295 3343 320 3395 2.
332 3344 446 3394 Minoem
465 3351 572 3394 testatur
589 3343 696 3411 γράψαι
715 3339 822 3403 νόμους.
851 3341 893 3392 Sic
911 3339 996 3390 scribit
1009 3355 1078 3400 eane,

99 3425 148 3458 uon
167 3416 291 3468 testatur;
309 3411 418 3462 sortasse
437 3427 468 3462 ne
488 3411 596 3462 credidit
614 3411 724 3477 quidem.
759 3411 870 3460 Utuntur
888 3407 939 3456 hac
952 3407 1079 3458 locutione

99 3477 171 3526 multi
196 3475 228 3526 da
251 3477 306 3542 ipso
331 3479 464 3546 Lycurgo,
493 3497 568 3547 quem
590 3478 655 3530 nihil
679 3480 801 3546 scriptum
827 3476 961 3542 reliquisse
985 3478 1079 3528 clamat

99 3545 181 3596 omnis
199 3544 343 3612 antiquitas.
