2702 4124
535 358 707 410 ..3...

132 533 165 572 eo
186 515 273 588 magis
292 515 364 570 iusta
385 515 431 570 illa
451 522 480 572 et
499 521 625 571 constans
645 515 768 571 recensio
787 517 877 570 locum
897 515 996 571 habet:
1017 515 1044 571 in
1063 531 1106 571 ce·

133 593 197 648 teris
219 593 267 664 qui
286 591 376 647 adhuc
395 592 533 663 paucitate
553 592 736 647 subsidiorum
755 592 890 661 laborant,
912 592 986 648 haud
1000 593 1056 648 scio
1072 609 1107 648 an

132 668 346 740 multiplicandis
368 673 504 723 textorum
524 669 619 723 formis
638 669 707 724 haec
726 669 825 738 studia,
845 669 924 724 nimis
937 686 1028 746 perse
1043 686 1106 740 ope·

132 764 210 814 rosa,
236 744 419 817 impediantur
444 743 537 815 potius
564 762 644 816 quam
672 751 808 800 ornentur.
855 745 889 800 In
916 747 984 800 tales
1010 763 1107 816 nempe

131 822 275 894 recognitio
295 822 444 891 quaedam,
470 839 525 876 non
545 823 603 877 veri
623 823 737 876 nominis
756 823 873 877 recensio
894 823 991 877 cadere
1021 822 1107 878 videri

131 905 233 971 potest.

594 1057 642 1133 ΙΙ.

211 1217 266 1273 Sed
278 1217 312 1273 de
323 1217 365 1272 his
379 1217 407 1272 iu
421 1217 574 1272 universum
588 1233 667 1272 nemo
682 1217 818 1288 ambigat:
831 1216 859 1272 in
872 1218 992 1274 Homero
1007 1224 1107 1289 autem,

134 1295 325 1366 antiquissimo
345 1301 425 1363 vate,
446 1294 474 1348 id
494 1294 583 1364 ipsum
604 1294 721 1347 dubitari
742 1294 831 1364 video,
851 1295 953 1350 tantine
979 1301 1035 1350 tam
1060 1314 1107 1352 no·

134 1389 231 1428 vorum
254 1371 378 1426 codicum
399 1371 547 1426 auctoritas
568 1370 693 1426 facienda
707 1371 750 1430 sit.
779 1371 849 1426 Nam
865 1373 954 1427 nullus
968 1389 1061 1428 eorum
1075 1390 1109 1428 ne

135 1455 336 1521 postremorum
358 1448 466 1519 quidem
480 1447 639 1502 Latinorum
661 1447 822 1518 scriptorum
843 1455 966 1519 tempora
985 1449 1108 1520 attingit3

131 1527 212 1598 pauci
234 1530 297 1580 sunt
313 1530 340 1580 et
357 1525 421 1593 rari,
443 1525 490 1594 qui
503 1523 570 1578 XII.
585 1525 629 1579 vel
642 1523 696 1578 XI.
710 1526 848 1578 saeculum
862 1525 1002 1580 excedant.
1032 1526 1110 1596 Quae

133 1603 268 1656 dubitatio
289 1601 313 1656 si
333 1619 391 1656 eam
411 1602 466 1656 vim
488 1600 600 1668 habeat,
621 1607 652 1655 ut
671 1604 754 1672 potita
773 1601 852 1656 nobis
873 1619 906 1656 ex
925 1603 968 1656 his
988 1603 1110 1659 fontibus

133 1679 168 1732 ad
187 1678 330 1733 veritatem
351 1685 378 1732 et
397 1677 583 1748 integritatem
603 1684 708 1746 textus,
734 1677 849 1748 primum
871 1679 962 1732 divino
983 1680 1042 1734 eius
1063 1697 1110 1736 ore

133 1756 203 1821 susi,
233 1755 319 1825 redigi
346 1761 478 1824 nequeat,
510 1753 597 1812 dicam
623 1753 753 1825 posthac,
785 1772 866 1825 quam
895 1755 1011 1810 libenter
1040 1757 1111 1812 hanc

134 1839 238 1886 sectam
267 1831 452 1901 rationemque
483 1847 590 1901 sequar.
643 1829 683 1884 At
713 1848 796 1900 quum
825 1838 947 1885 veterum
977 1832 1110 1888 librorum

133 1910 193 1962 teta
213 1907 320 1977 cogito,
346 1924 537 1978 nonnunquam
557 1913 665 1977 praeter
684 1925 760 1977 spem
780 1925 925 1978 prospera,
951 1915 1034 1979 atque
1053 1909 1111 1983 ,ani-

133 1985 291 2052 madverto‚
322 1999 402 2052 quam
428 2001 513 2054 prope
542 2000 670 2054 germano
699 1983 781 2038 nitori
807 1984 931 2038 redditos
961 1984 1109 2040 habeamus

133 2061 316 2127 Herodotum,
331 2059 483 2128 Platonem,
497 2059 717 2130 Xenophontem,
732 2061 802 2115 alios
816 2061 876 2116 aevi
891 2061 1022 2131 eiusdem,
1041 2079 1110 2133 qnos

135 2155 169 2192 ex
191 2136 337 2192 eorundem
359 2135 533 2190 librariorum
558 2137 682 2194 manibus
702 2138 870 2208 accepimus,
896 2138 947 2192 nisi
967 2139 1038 2194 forte
1056 2138 1110 2209 pri-

135 2231 243 2269 scorum
257 2218 354 2270 ἀοιδῶν
369 2214 486 2284 pessima
496 2213 531 2266 ad
541 2229 591 2267 nos
603 2214 767 2283 exemplaria
780 2215 912 2284 venerint,
925 2232 979 2268 non
992 2216 1109 2286 reperio,

136 2309 185 2346 cur
204 2291 247 2344 his
266 2296 344 2344 tanto
366 2291 453 2344 minus
474 2306 554 2360 quam
574 2289 627 2343 illis
641 2289 830 2344 confidendum
845 2293 888 2346 sit.
918 2290 1035 2346 Accedit
1047 2292 1110 2360 huc,

129 2367 210 2437 'quod
235 2367 397 2420 Criticorum
423 2366 686 2435 Alexandrinorum,
714 2367 760 2437 qui
785 2367 912 2437 deinceps
939 2368 1109 2438 exstiterunt,

137 2460 221 2512 opera
235 2443 360 2513 contigit,
375 2450 405 2498 ut
418 2462 468 2498 nos
482 2443 554 2497 haud
569 2442 651 2496 dubie
662 2444 812 2498 Homerum
825 2445 916 2498 multis
930 2445 998 2498 locis
1011 2445 1111 2500 rectius

137 2522 268 2589 seriptum
288 2521 418 2590 legamus,
440 2537 520 2590 quam
541 2519 581 2573 illi
600 2519 653 2589 ipsi
673 2521 765 2591 legere
786 2527 906 2590 possent.
938 2521 1064 2590 Denique
1083 2520 1111 2576 iu

137 2597 171 2650 iis
193 2597 382 2666 scriptoribus,
403 2597 449 2665 qui
464 2596 576 2650 Homeri
596 2613 691 2650 versus
711 2604 860 2667 apponunt,
880 2597 1023 2667 pauciores
1036 2613 1110 2667 sane,

139 2689 220 2742 quam
235 2673 295 2742 quis
310 2678 407 2742 speret,
429 2672 601 2727 diversitates
615 2673 739 2727 lectionis
754 2679 825 2739 sunt,
846 2690 915 2743 quae
935 2673 1043 2744 quidem
1063 2675 1112 2728 ali·

138 2751 216 2803 cuius
230 2749 358 2803 momenti
376 2749 438 2818 sint,
458 2766 509 2804 nec
529 2748 613 2803 infida
633 2750 763 2804 memoria
781 2749 902 2818 vitiatae,
923 2767 990 2820 quas
1010 2767 1065 2805 non
1078 2767 1113 2806 ex

138 2827 199 2880 istis
212 2825 354 2880 codicibus
372 2842 459 2895 paene
480 2825 589 2880 eosdem
608 2827 779 2896 recipiamus.
810 2827 925 2882 Novitas
947 2827 1016 2881 enim
1037 2827 1111 2882 codi-

141 2920 204 2956 cum
216 2919 271 2955 non
284 2902 371 2956 maius
384 2902 477 2956 vitium
493 2908 542 2971 est,
563 2919 644 2972 quam
658 2903 796 2957 hominum
811 2903 1009 2958 adolescentia:
1030 2903 1112 2958 etiam

139 2979 252 3033 hicnon
269 2996 375 3048 semper
395 2984 470 3034 aetas
490 2979 650 3053 sapientiam
671 2979 763 3048 affert3
785 2985 817 3033 ut
837 2981 951 3051 quisque
971 2979 1112 3050 antiquum

140 3065 168 3110 et
183 3054 284 3110 bonum
304 3062 443 3110 auctorem
463 3056 532 3110 bene
553 3055 683 3125 sequitur,
704 3058 743 3110 ita
764 3056 841 3111 testis
861 3061 902 3110 est
923 3056 1020 3112 bonus.
1049 3057 1112 3111 Etsi

140 3133 223 3203 igitur
244 3129 413 3186 Scholiorum
440 3139 468 3186 et
488 3131 691 3187 Glossariorum
716 3134 859 3203 apparatui
884 3133 1024 3202 aliquanto
1049 3133 1112 3203 plus

141 3225 223 3279 quam
236 3209 315 3262 nudis
328 3208 490 3264 membranis
509 3209 613 3277 tribuo,
634 3208 757 3278 pluribus
771 3215 862 3264 tamen
882 3209 1011 3280 exemplis
1030 3225 1112 3278 saepe

140 3285 276 3356 perspexi,
296 3285 366 3338 haec
380 3283 504 3340 Carmina
517 3303 571 3339 non
584 3285 635 3339 nisi
656 3285 780 3356 utrisque
800 3286 949 3341 coniunctis
970 3285 1056 3355 copiis
1076 3285 1113 3339 ad

142 3378 201 3416 eam
218 3362 380 3432 scripturam
401 3361 524 3416 revocari
542 3378 633 3431 posse,
654 3377 723 3432 quae
742 3379 830 3433 neque
850 3362 917 3433 ipsis
937 3362 972 3417 sit
991 3361 1112 3432 indigna,

140 3455 229 3492 neca
254 3437 352 3492 doctae
376 3437 543 3508 antiquitatis
570 3438 723 3508 praeceptis
748 3439 904 3494 abhorrens.
944 3437 982 3494 Et
1006 3437 1060 3494 hoc
1084 3439 1113 3494 iu

141 3515 203 3568 loco
217 3514 258 3568 ita
277 3515 356 3569 nobis
376 3513 602 3585 acquiescendum
622 3515 681 3582 erit,
701 3520 740 3582 ut,
761 3515 784 3570 si
803 3533 900 3585 purum
913 3520 1009 3586 putum
1023 3519 1112 3573 ἀοιδὸν

144 3607 319 3661 quaeremus,
344 3607 395 3646 nec
418 3591 490 3646 idem
513 3590 609 3660 nobis,
634 3590 709 3662 quod
727 3591 890 3661 Plutarcho,
915 3591 1041 3664 Longino
1068 3593 1114 3650 vel

907 3681 933 3722 1.
