2702 4124
525 309 715 362 ...39-

213 464 295 521 Adeo
315 483 376 521 sero
390 467 543 522 litteratura
557 465 726 522 Graecorum
745 468 873 524 absoluta
893 475 935 524 est
955 476 982 524 et
1001 469 1112 524 redacta

132 543 162 597 in
184 543 314 611 ordinem,
334 545 458 614 primum,
479 551 511 599 ut
530 544 623 598 multis
643 545 781 600 decausis
802 545 927 615 coniicio,
947 546 974 600 in
994 545 1028 600 iis
1048 547 1113 600 civi-

133 619 256 688 tatibus,
284 635 355 690 quae
380 620 498 674 Siciliam
528 626 555 676 et
574 620 707 692 Magnam
728 621 873 677 Graeciam
893 622 1033 691 tenebant,
1053 629 1113 678 tum

132 698 164 750 in
184 696 234 750 illa
252 696 368 766 posthac
387 697 539 752 litterarum
550 697 789 752 conficientissima
801 698 878 766 urbe,
900 696 1027 754 Athenis.
1058 699 1113 754 Sed

134 773 288 828 cavendum
308 778 349 828 est
369 791 477 842 rursus,
505 791 539 828 ne
567 781 624 828 tam
648 791 738 830 serum
764 793 844 829 usum
863 775 999 829 scribendi
1020 776 1112 830 creda-

132 867 205 918 mus,
226 856 275 904 aut
295 845 322 903 in
342 851 414 904 omni
429 849 546 905 Graecia
567 851 665 906 eodem
686 858 809 922 tempore
829 851 991 907 institutum.
1031 851 1113 910 Iones

134 927 248 998 quidem
272 944 356 998 quum
381 933 423 982 tot
449 927 509 982 eliis
533 929 615 982 rebus
639 929 768 998 Europae
803 935 936 1000 cognatae
962 929 1114 998 exemplum

133 1003 273 1059 nitidioris
293 1004 383 1059 cultus
405 1004 501 1058 darent
521 1011 549 1059 et
561 1005 671 1060 humani
692 1013 719 1059 et
733 1006 830 1074 civilis,
850 1011 1009 1074 matureque
1030 1005 1112 1060 variis

135 1081 244 1136 artibus
264 1086 292 1136 et
312 1081 480 1136 commerciis
500 1080 637 1151 florerent,
658 1082 703 1136 vel
723 1089 830 1138 tacente
840 1082 954 1138 historia
967 1080 1112 1136 verisimile

135 1163 227 1224 esset,
258 1174 305 1212 eos
335 1157 416 1213 huius
445 1174 556 1229 quoque
590 1158 748 1229 praeclarae
774 1160 813 1213 rei
839 1158 987 1214 utilitatem
1012 1158 1114 1228 primos

136 1234 364 1290 animadvertisse
397 1241 424 1289 et
449 1234 486 1289 ad
519 1252 579 1290 eam
605 1236 724 1290 studium
751 1241 780 1290 et
803 1234 941 1306 ingenium
967 1235 1115 1289 contulisse

134 1329 226 1366 suum.
267 1311 376 1382 Quippe
392 1311 444 1365 illis
460 1313 657 1382 exspectandus
677 1311 798 1366 nonfuit
813 1311 984 1367 Callistratus
998 1311 1114 1378 Samius,

134 1394 170 1442 nt
190 1387 293 1459 aliquid
308 1389 409 1458 scripto
425 1389 584 1459 consignare
605 1395 753 1444 tentarent:
773 1389 827 1444 iam
847 1396 910 1444 ante
923 1389 995 1443 hunc
1008 1404 1114 1460 papyro

135 1465 182 1520 usi
203 1473 280 1533 sunt3
301 1464 382 1519 immo
398 1471 460 1519 ante
475 1464 641 1520 Simonidem
662 1473 689 1520 et
702 1466 896 1536 Epicharmum
909 1466 1020 1520 fuerunt
1034 1463 1114 1536 lyrici

135 1545 248 1614 po‘e'tae,
270 1548 297 1596 ct
317 1542 403 1596 Ionici
424 1548 451 1596 et
471 1539 589 1610 Aeoliei‚
610 1543 657 1613 qui
678 1542 727 1596 illo
742 1543 906 1598 adminiculo
927 1541 1116 1596 faciendorum

138 1619 296 1674 Carminum
317 1635 408 1674 carere
429 1619 475 1674 vix
494 1625 616 1688 possent.
657 1617 783 1689 Denique
804 1620 831 1673 in
853 1637 885 1675 ea
901 1619 1022 1684 civitate,
1044 1632 1115 1688 quae

137 1696 284 1764 antiquum
307 1695 482 1766 alphabetum
514 1695 664 1750 diutissime
685 1695 810 1763 retinuit,
837 1695 948 1767 Olynrp.
973 1692 1115 1749 XXXIX.

138 1772 228 1826 minor
248 1789 374 1826 numems
395 1773 547 1827 litterarum
568 1773 676 1827 suffecit
696 1773 830 1828 Draconis
850 1772 958 1841 legibus
972 1770 1115 1842 ponendis.

141 1849 245 1918 Quidni
279 1849 351 1902 idem
380 1865 508 1903 numerus
540 1850 677 1904 suffecerit
707 1849 829 1903 maximis
863 1847 1061 1915 voluminibus,
1095 1846 1118 1900 si

139 1926 224 1980 modo
239 1943 271 1980 ea
287 1931 345 1979 tum
364 1926 466 1980 usitata
485 1926 603 1993 luerunt,
623 1927 680 1980 rive
695 1943 728 1979 ex
748 1925 874 1996 pellibus,
896 1925 954 1978 rive
968 1940 1001 1977 ex
1010 1939 1117 1994 papyro

139 2000 300 2073 Aegyptia?
325 2002 362 2057 Et
381 2003 435 2056 iam
455 2003 560 2073 aliquot
579 2004 656 2057 annis
681 2007 744 2056 ante
768 2001 903 2056 Draconis
928 2000 1117 2070 magistratum

140 2078 275 2134 beneficio
301 2078 494 2134 Psammetichi
521 2078 667 2150 Aegyptus
697 2079 836 2148 patefacta
861 2084 919 2133 erat
949 2075 1117 2132 commerciis

140 2158 249 2223 Ionum,
269 2162 300 2209 ut
319 2155 478 2210 facultatem
503 2158 601 2226 papyri
621 2156 721 2210 habere
741 2156 888 2226 potuerint.
934 2153 985 2208 (lui
1010 2153 1116 2208 coniec-

140 2240 220 2288 turae
245 2248 278 2286 ne
303 2232 434 2287 historica
458 2231 526 2288 fides
554 2232 673 2300 deesset,
701 2251 784 2303 quam
807 2233 902 2302 paucis
929 2230 1019 2285 verbis
1046 2247 1115 2300 opus

140 2309 238 2364 suisset
257 2308 411 2375 Herodoto,
432 2309 483 2363 nisi
505 2308 618 2366 Graecis
639 2309 792 2378 scripsisset
811 2309 891 2362 solis!
913 2307 992 2362 Nunc
1011 2307 1040 2360 in
1059 2307 1117 2376 pri·

141 2386 192 2440 mis
218 2386 336 2440 molesta
362 2392 404 2438 est
429 2387 582 2441 obscuritas
608 2386 724 2440 duorum
755 2386 940 2451 saeculorum,
972 2383 1063 2438 octavi
1089 2391 1118 2436 et

141 2462 250 2532 septimi
271 2467 333 2515 ante
354 2460 429 2530 Chr,
450 2463 477 2516 in
498 2463 598 2533 quibus
618 2463 665 2516 illa
690 2479 757 2532 gens
783 2462 917 2532 igniculos
937 2459 1117 2530 politissimos

141 2538 319 2594 humanitatis
340 2538 442 2592 dudum
462 2545 606 2609 susceptos
631 2539 741 2609 egregie
760 2536 888 2609 protulit,
910 2535 992 2591 etad
1013 2551 1119 2590 omnem

142 2615 333 2670 excellentiam
359 2615 457 2668 artium
483 2617 656 2670 admirabiles
681 2631 842 2686 progressus
862 2613 936 2669 iecit.
977 2611 1062 2680 Nam,
1083 2627 1118 2666 ne

142 2691 177 2746 dc
202 2692 263 2745 aliis
289 2690 411 2760 plurimis
436 2691 566 2747 institutis
593 2692 695 2759 dicam,
727 2709 844 2762 quorum
873 2690 976 2745 semina
1004 2689 1032 2743 in
1059 2687 1119 2742 istis

141 2767 263 2822 tenebris
283 2767 446 2836 lactarunt,
468 2769 495 2822 in
515 2769 561 2822 illa
580 2768 695 2823 maxime
725 2768 843 2836 saecula,
864 2784 881 2821 a
900 2764 1118 2822 Lacedaemonio

141 2843 272 2915 Lycurgo
294 2844 425 2914 proxima,
447 2845 513 2898 artis
539 2845 698 2916 scriptorius
724 2845 840 2914 primum
859 2843 1051 2898 notabiliorem
1070 2858 1121 2911 pu·

141 2921 244 2976 blicam
264 2937 343 2974 usum
364 2928 392 2974 et
411 2922 484 2976 ultra
503 2921 691 2992 inscriptiones
710 2937 885 2992 progressum
904 2920 1040 2986 incidisse,
1060 2924 1119 2972 tum

142 2997 291 3052 coniectari
316 3013 371 3050 non
401 3003 517 3066 temere,
548 3005 606 3052 tum
632 3015 665 3052 ex
684 2998 821 3052 nonnullis
841 2997 965 3067 vestigiis
986 2995 1117 3049 historiae

141 3074 182 3128 ita
217 3073 331 3142 intelligi
369 3073 446 3142 licet,
483 3081 513 3128 ut
543 3074 693 3146 perspicuis
726 3074 885 3129 testimoniis
916 3075 1004 3127 minus
1035 3085 1117 3141 aegre

145 3166 295 3205 careamus.

142 3325 160 3394 ἡ
178 3325 281 3395 ἀρχαία
298 3327 473 3395 γραμματικὴ
497 3343 542 3378 seu
565 3322 672 3376 Ἀττικὰ
693 3325 852 3394 γράμματα.
888 3325 945 3376 Etsi
969 3325 1000 3376 de
1023 3324 1063 3375 bis
1081 3324 1121 3375 di-

141 3411 234 3446 versae
251 3404 310 3447 sunt
327 3395 468 3447 sententiae
480 3396 622 3447 doctorum:
641 3411 663 3445 r.
674 3393 740 3462 Intp.
753 3395 946 3462 astrpocrat.
959 3411 981 3445 r.
995 3388 1124 3452 Ἀττικοῖς

141 3461 285 3531 γράμμασι
301 3473 348 3516 stc.
