2702 4124
460 355 716 426 ,“9“

141 527 311 582 quaererem,
330 513 422 566 statim
442 513 477 568 ab
499 528 531 567 eo
551 518 681 583 ternpore,
703 529 757 583 quo
777 517 860 583 potita
879 512 1042 584 primumin
1063 511 1116 566 hac

142 589 210 644 urbe
230 588 292 642 usui
311 589 465 644 scholarum
484 594 641 658 aptaretur,
666 590 727 659 ipsa
746 595 811 644 tunc
831 607 911 644 curae
936 595 1014 644 mette
1039 589 1114 644 iesti-

142 665 216 719 natio
237 666 439 735 quodammodo
460 665 573 720 extorsit
593 665 648 720 hoc
663 666 778 734 consilii,
799 671 829 720 ut
843 665 1012 737 colligendor-
1030 665 1115 736 quod·

143 758 251 812 cunque
271 748 362 798 textus
382 743 532 798 rationibus
546 742 603 796 ullo
617 742 700 797 modo
715 743 827 812 profore
840 743 987 810 videretur,
1008 743 1116 796 strenue

142 835 185 873 me
205 817 333 874 adhunc
353 818 516 874 recensionis
536 819 660 874 laborem
681 835 813 890 pararem.
855 819 994 889 Quidquid
1014 819 1117 874 interea

140 895 200 966 egi,
229 895 282 950 etsi
300 897 430 950 nonnulla
449 913 492 950 me
514 895 580 950 satis
601 903 766 966 occupatum
785 895 931 964 tenebant,
958 895 1116 950 subsecivae

143 987 242 1041 operae
262 972 386 1042 fuerunt3
413 973 563 1026 Homerum
589 989 727 1042 nunquam
752 973 800 1026 diu
827 989 860 1027 ex
884 966 973 1026 animo
1000 978 1028 1026 et
1053 987 1116 1026 con-

140 1053 239 1118 spectu
259 1048 345 1102 amisi.
390 1049 460 1104 Nam
483 1049 599 1118 plurima
619 1049 746 1103 videbam
765 1049 831 1102 mihi
850 1067 905 1103 non
928 1049 1016 1103 solum
1042 1047 1116 1102 colli-

140 1123 231 1194 genda
257 1125 306 1179 sed
334 1124 415 1179 etism
443 1125 572 1179 discenda
597 1132 625 1179 et
651 1126 685 1180 ab
713 1125 797 1180 initiis
824 1125 1016 1196 pertractanda
1046 1141 1115 1190 esse,

143 1201 246 1272 quippe
265 1201 312 1271 qui
332 1207 398 1269 tum,
420 1219 502 1272 quum
523 1201 639 1270 primum
656 1202 773 1270 ederem,
795 1203 903 1258 doctum
916 1201 1116 1271 interpretatio·

142 1294 205 1332 nem
224 1277 271 1331 vix
290 1277 453 1348 attigissem.
494 1279 593 1348 Itaque
615 1295 727 1334 exorsus
748 1279 782 1334 ab
802 1278 964 1346 Eustathio,
984 1294 1116 1348 grammu-

142 1353 225 1408 ticam
245 1360 352 1423 partem
372 1355 430 1408 eius
451 1353 595 1425 diligenter
616 1355 738 1424 excussi;
759 1372 823 1409 mox
843 1355 963 1425 excerpsi
976 1354 1116 1421 lectiones,

143 1447 211 1500 quas
230 1430 276 1485 ille
303 1437 350 1485 aut
374 1430 402 1485 in
426 1431 545 1501 vulgatis
572 1432 701 1501 exemplis
728 1432 798 1499 suis,
826 1438 873 1487 aut
898 1433 924 1485 in
950 1430 1116 1501 marginibus

138 1523 246 1574 eorum,
267 1507 312 1562 vel
331 1507 397 1562 alibi
417 1507 550 1577 reperisse
567 1523 597 1562 sc
611 1509 747 1578 proderet.
777 1508 896 1563 Adiunxi
912 1507 1017 1573 deinde,
1039 1523 1116 1576 prae·

142 1589 184 1637 ter
204 1588 296 1638 cetera
315 1589 373 1638 tum
392 1585 504 1654 vulgata
524 1583 647 1652 Scholia,
675 1585 777 1639 bonum
796 1602 936 1639 numerum
955 1583 1117 1638 variantium

143 1665 171 1714 et
190 1666 316 1714 notarum
336 1660 423 1714 critici
438 1660 553 1731 generis,
575 1661 723 1730 quaemihi
739 1662 792 1716 dno
807 1678 878 1716 nunc
894 1659 1116 1716 desideratissimi

140 1736 223 1790 amici
249 1753 282 1790 er
306 1737 367 1791 cod.
388 1737 522 1807 Lipsiensi
547 1736 672 1792 Paullino
699 1738 923 1808 exsignaverant,
950 1738 978 1790 in
1003 1753 1116 1791 recensu

142 1812 304 1874 Ernestiano
325 1812 447 1868 omissas.
476 1813 573 1867 Paullo
591 1821 654 1883 post
670 1815 782 1884 proprio
796 1814 886 1868 studio
900 1812 1024 1884 pervolvi
1037 1813 1116 1866 Lexi-

141 1890 314 1959 cographos,
342 1889 510 1944 Scholiastas
531 1896 559 1944 et
585 1889 652 1943 alios
673 1890 871 1946 Grammaticos
899 1897 1021 1956 veteres,
1048 1895 1115 1956 tum,

141 1971 225 2036 prout
244 1971 350 2036 tempus
370 1982 460 2021 meum
480 1967 595 2033 ferebat,
615 1967 735 2035 reliquos
755 1966 911 2036 scriptores,
938 1981 1116 2035 quoscunque

142 2041 228 2095 ullum
241 2042 404 2100 Homericae
424 2043 574 2113 scripturae
595 2043 738 2112 vestigium
760 2060 867 2098 servare
886 2042 1036 2113 sperabam.
1061 2042 1117 2096 Nc-

144 2134 198 2188 que
218 2119 289 2172 iuter
312 2120 381 2174 haec
401 2121 507 2189 neglexi
528 2123 625 2190 politas
646 2118 776 2188 Graecos,
796 2119 824 2173 in
844 2120 937 2190 primis
956 2117 1117 2174 Alexandri·

141 2212 202 2262 nos,
222 2195 385 2251 imitationes
405 2195 519 2250 Homeri
541 2203 717 2264 consectans,
739 2214 793 2250 non
813 2201 858 2264 ut,
879 2195 1016 2267 quomodo
1036 2195 1117 2249 flores

142 2272 250 2326 olerent
265 2271 293 2325 in
306 2273 422 2326 alienum
440 2273 525 2328 solum
541 2273 676 2340 translati,
691 2273 868 2340 adverterem,
888 2273 939 2327 etsi
952 2272 1010 2326 eius
1024 2271 1116 2338 studii,

142 2364 193 2402 suo
218 2349 280 2403 loco
302 2348 432 2418 adhibiti,
460 2367 514 2404 non
535 2349 655 2419 despicio
683 2348 858 2420 elegantiam
884 2349 933 2404 sed
959 2347 1048 2402 sicubi
1072 2347 1117 2400 isti

143 2441 195 2478 usu
215 2426 360 2480 verborum
382 2432 410 2479 ct
429 2443 528 2496 genere
547 2425 693 2496 loquendi,
725 2426 760 2480 ad
786 2426 935 2496 principem
960 2426 1027 2479 artis
1052 2440 1118 2478 suae

141 2501 323 2572 conformato,
345 2501 537 2572 significarent,
559 2502 624 2572 quid
644 2503 672 2556 in
697 2503 807 2573 optimis
828 2502 1027 2572 exemplaribus
1046 2500 1117 2554 illius

142 2577 286 2648 legissent,
312 2584 360 2634 aut
380 2579 524 2649 legendum
543 2579 597 2649 ipsi
627 2580 801 2633 censuissent.
843 2578 926 2632 Cuius
950 2577 1117 2634 animadver-

141 2654 243 2723 sionis,
268 2656 382 2725 nequis
405 2673 466 2710 eam
485 2657 593 2726 longius
617 2660 759 2726 evagatam
779 2661 872 2726 putet,
899 2655 964 2708 satis
991 2671 1117 2725 magnum

143 2731 261 2784 fructum
283 2732 408 2802 percepi,
433 2731 594 2802 praesertim
617 2749 650 2786 ex
675 2732 708 2785 iis
735 2733 838 2801 po'etis,
866 2749 935 2801 quos
961 2731 1117 2802 ambiguum

143 2813 186 2861 est
194 2811 330 2884 poetasne
350 2810 440 2863 verius
460 2827 494 2863 an
514 2809 683 2862 litteratores
699 2808 828 2862 dicamus.
860 2809 904 2862 Ita
917 2824 982 2862 vero
996 2807 1117 2862 lustratis
1180 2878 1183 2882 ι

143 2883 310 2939 Graecarum
336 2891 364 2940 et
382 2885 541 2940 Latinarum
569 2886 722 2940 litterarum
747 2885 858 2939 latebris
883 2885 1021 2956 omnibus,
1047 2897 1117 2953 quae

144 2960 248 3031 uspiam
263 2968 405 3032 susceptae
419 2963 459 3016 rei
480 2961 667 3016 adiumentum
689 2961 872 3030 ostenderent,
893 2961 1043 3031 grandique
1062 2961 1117 3013 lec·

143 3039 296 3092 tionum'et
321 3038 474 3093 criticorum
502 3038 674 3092 notationum
700 3044 834 3108 apparatu
862 3041 1019 3106 contracto,
1045 3035 1118 3089 aucti

142 3131 236 3168 sumus
265 3113 378 3170 Venetis
404 3115 457 3169 illis
482 3121 510 3170 et
534 3113 799 3169 Vindobonensibus
824 3114 974 3184 praesidiis.
1021 3113 1116 3168 Novus

144 3189 190 3244 hic
203 3206 315 3260 campus
334 3197 444 3261 apertus
463 3209 565 3246 novum
586 3191 708 3246 laborem
730 3191 833 3245 obiecit
852 3191 879 3244 in
899 3190 932 3244 iis
951 3189 1026 3260 ipsis,
1046 3202 1116 3257 quae

144 3267 273 3322 absoluta
292 3274 425 3337 putaram.
465 3267 603 3323 Videbam
623 3267 693 3322 enim
719 3267 819 3322 bonam
846 3273 950 3336 partem
976 3264 1117 3319 coniectae

144 3344 206 3410 viae
220 3342 285 3398 mihi
298 3345 448 3399 iterandam
463 3360 530 3411 esse,
545 3349 576 3398 ut
589 3345 703 3414 primam
717 3361 830 3398 messem
845 3360 906 3396 cum
923 3341 1001 3396 novis
1019 3339 1116 3410 opibus

144 3421 346 3489 contenderem,
368 3431 403 3489 et,
425 3421 448 3475 si
461 3422 532 3476 forte
546 3420 650 3490 aliquid
665 3421 731 3474 utile
746 3426 825 3475 antea
838 3435 889 3489 pro
908 3418 983 3488 spic'o
1000 3433 1116 3486 nequam

145 3497 303 3566 omisissem,
316 3497 345 3550 id
359 3515 392 3552 er
405 3497 577 3552 contentione
587 3497 686 3551 rectius
700 3497 871 3550 aestimatum
881 3493 1115 3565 reprehenderem.

145 3571 246 3643 Quain
260 3590 344 3644 opera
357 3592 412 3644 quo
432 3589 593 3646 progressus
613 3590 671 3628 sum
691 3573 807 3644 longius,
832 3588 864 3626 eo
885 3570 1034 3626 mirabilius
1055 3586 1115 3624 sen·
