2702 4124
502 317 694 375 ...77-

109 475 261 543 actionem,
282 477 412 546 episodiis
431 476 466 534 ad
487 480 597 536 modum
615 482 718 537 Iliados
737 481 918 548 intertextam,
939 481 1089 551 deprehen-

114 553 175 606 des.
215 552 316 622 Magno
335 563 447 610 auctore
467 555 495 609 id
515 557 627 624 affirmo,
649 575 703 612 non
723 557 880 613 coniectura
900 559 1006 612 duetus.
1046 559 1090 612 Ita
1120 579 1126 596 κ

113 629 190 683 enim
203 626 366 686 Aristoteles
388 633 489 701 ubique
510 635 651 704 praedicat
671 634 704 688 de
718 633 848 700 Homero,
870 635 908 688 ita
928 651 990 688 eum
1009 652 1090 705 prop·

114 714 162 759 ter
181 705 262 758 istam
283 707 369 776 ipsam
389 726 445 762 reru
466 712 564 765 ceteris
585 713 611 766 in
632 711 727 765 eodem
751 726 851 779 genere
871 712 996 765 omnibus
1015 718 1090 766 ante·

115 781 212 850 ponit,
240 787 270 836 ut
289 784 378 837 nullus
398 802 493 840 sorum
512 787 563 842 hac
583 789 610 842 in
630 804 659 842 re
680 788 777 841 ducem
797 793 824 840 et
845 788 993 856 principem
1013 806 1091 842 suum

113 858 240 913 ‚imimtus
261 875 320 914 esse
340 862 473 931 videatur,
496 881 530 918 ne
549 864 682 920 Pisander
701 864 810 933 quidem
829 871 877 918 aut
889 863 1024 933 Panyasis
1044 873 1093 920 aut

118 933 315 1004 Antimachus,
343 937 389 1006 qui
416 940 564 994 secundum
583 928 732 995 Hdmerurn
752 941 847 1009 optimi
867 940 999 994 numerati
1020 947 1091 1006 sunt,

120 1011 219 1065 nedum
232 1013 399 1082 antiquiores
414 1022 442 1069 et
456 1013 566 1087 Cyelici.
600 1019 643 1071 De
663 1018 762 1087 quibus
782 1034 882 1070 novum
904 1023 1093 1086 argumentum

117 1087 275 1141 ducendum
294 1097 336 1144 est
357 1107 390 1144 ex
409 1093 469 1161 ipsa
482 1095 586 1148 ratione
601 1093 687 1164 Cycli,
708 1094 816 1163 qualem
836 1111 897 1147 eum
917 1110 950 1147 ex
963 1091 1023 1146 loco
1038 1092 1092 1163 Ly·

118 1165 155 1219 eii
175 1164 267 1218 Procli
286 1168 359 1236 apud
380 1167 510 1224 Photium
530 1171 716 1241 cognovimus.
756 1170 864 1240 Quippe
885 1169 937 1223 iuit
959 1169 1004 1224 ille
1024 1169 1093 1222 mul·

117 1249 212 1295 torum
232 1237 314 1304 ἐπῶν,
340 1244 374 1297 ab
399 1245 481 1300 initiis
505 1264 595 1302 rerum
624 1264 710 1318 usque
730 1247 765 1302 ad
785 1253 900 1301 mortem
919 1246 1027 1315 Ulyssis
1048 1245 1093 1299 de·

118 1318 274 1386 ductorum,
296 1319 431 1388 collectio,
452 1340 557 1378 omnem
577 1342 664 1394 prope
684 1324 835 1378 fabularem
848 1323 991 1377 historiam
999 1339 1094 1391 perpe·

118 1403 169 1448 tue
190 1403 214 1447 et
231 1396 355 1449 naturali
372 1398 439 1451 acrio
459 1401 650 1470 complectens.
683 1402 727 1454 Ex
747 1417 802 1470 quo
823 1417 877 1454 uno
891 1401 956 1454 satis
969 1407 1094 1468 apparet,

121 1470 251 1542 Cyclicos
271 1476 368 1541 poetas
387 1491 430 1528 res
451 1494 514 1531 suas
534 1477 629 1532 eodem
650 1478 753 1545 ordine,
775 1494 829 1546 quo
852 1478 979 1545 deinceps
1001 1491 1095 1529 conse·

116 1553 203 1602 outae
223 1556 329 1616 essent,
354 1567 409 1604 non
428 1551 464 1606 ad
483 1552 597 1608 sormam
619 1553 760 1624 Odysseae
783 1560 906 1620 nostrae,
934 1551 1094 1606 narravisse.

201 1625 279 1694 Quae
300 1643 382 1694 quum
402 1627 442 1682 ita
460 1629 522 1696 sint,
543 1631 604 1699 quis
625 1637 703 1699 putet
722 1631 785 1684 iilos
806 1646 898 1685 omnes
919 1646 979 1684 eam
998 1636 1094 1694 artem,

119 1717 195 1771 quae
214 1708 270 1754 tam
291 1702 403 1757 eximiae
424 1705 598 1774 perfectionis
618 1712 775 1774 causaest,
802 1708 825 1760 si
849 1709 885 1762 ab
906 1707 1028 1761 Homero
1048 1703 1095 1758 ad-

120 1777 240 1832 hibitam
259 1778 400 1847 vidissent,
420 1787 541 1836 autnon
560 1784 733 1851 intellexisse,
755 1789 803 1837 aut
822 1782 986 1837 intellectam
1006 1798 1094 1836 aemn-

124 1855 177 1908 lari
197 1853 339 1908 noluisse?
368 1855 439 1912 Nam
461 1875 495 1913 ne
514 1877 569 1913 non
588 1860 734 1929 potuerint,
755 1875 788 1912 ue
808 1859 944 1928 ingenium
958 1859 1009 1912 tali
1019 1874 1096 1926 prae-

121 1932 242 1986 stantiae
261 1931 349 2000 impar
367 1935 507 1988 attulerint
528 1952 629 2002 omnes,
651 1936 738 1989 vereri
759 1951 836 1988 nemo
851 1936 909 1988 iure
922 1941 1023 2004 potest.
1054 1932 1097 1986 Ac

124 2024 159 2062 ne
179 2007 319 2061 Hesiodus
340 2009 463 2079 quidam,
491 2028 572 2081 quem
596 2019 686 2066 tamen
707 2009 799 2064 Critiei
819 2012 966 2081 praecipuo
987 2011 1048 2063 loeo
1068 2010 1097 2063 in

122 2101 265 2137 numerum
284 2085 445 2153 retulerunt,
467 2088 615 2159 quidquam
636 2088 671 2141 ad
691 2089 767 2141 illurn
780 2088 892 2142 modum
905 2087 1033 2142 cecinisse
1050 2105 1097 2156 pu-

123 2160 224 2215 tandus
246 2166 295 2214 est.
335 2160 463 2233 Arguunt
483 2165 535 2218 hoc
548 2157 641 2229 Ἔργα,
665 2182 716 2219 nec
741 2183 801 2218 eum
824 2164 1027 2228 Alexandrinis,
1048 2179 1099 2217 nee

121 2255 187 2290 cum
206 2237 334 2291 Lucretio
354 2246 402 2292 aut
422 2239 538 2312 Virgilio
559 2242 768 2312 comparandum
795 2259 872 2312 opus,
897 2258 985 2309 neque
1013 2239 1097 2293 multo

122 2313 277 2368 absolutius
288 2332 369 2383 quam
379 2316 573 2388 Theognideae
585 2320 734 2374 sententiae
742 2317 792 2388 ⁹⁵),
806 2326 925 2388 arguunt
934 2319 998 2384 alia,
1010 2316 1099 2370 eidem

126 2389 191 2442 olim
211 2389 294 2444 dubio
315 2409 421 2447 rumore
441 2395 552 2450 tributa.
582 2396 708 2464 Denique
724 2396 805 2450 etiam
819 2401 1016 2465 postremorum
1030 2400 1096 2447 tem·

124 2482 224 2535 porum
243 2470 343 2536 poeitae
364 2470 564 2538 quodammodo
585 2472 739 2536 ostendunt,
761 2489 790 2526 se
811 2473 844 2525 de
865 2470 1013 2524 artificioso
1035 2486 1097 2522 con-

125 2549 203 2596 textu
219 2542 326 2596 Jliados
346 2563 364 2599 a
384 2545 574 2602 Grammaticis
600 2565 654 2601 non
679 2548 846 2602 dissensisse.
893 2546 982 2616 Quam
1006 2544 1098 2614 inepto

122 2620 199 2672 enim
213 2620 324 2673 consilio
344 2622 375 2689 is,
391 2639 472 2691 quem
486 2627 568 2694 vulgo
583 2624 714 2694 Quintum
728 2624 876 2679 Calabrum
890 2629 997 2688 vocant,
1019 2622 1098 2691 rhap-

125 2694 219 2748 sodias
239 2713 302 2751 suas
321 2699 398 2752 velut
417 2701 548 2754 maturius
567 2702 700 2770 abruptae
719 2701 802 2755 Iliadi
822 2700 1038 2770 supplementum
1058 2704 1099 2752 at·

125 2773 266 2840 texuisset,
286 2774 338 2828 nisi
358 2776 480 2845 exempla
499 2778 620 2846 priorum
640 2783 793 2848 temporum
812 2784 876 2832 ante
897 2777 991 2831 oculos
1012 2775 1097 2829 habu-

200 3001 233 3068 05)
251 3002 369 3069 Legitimi
387 3003 513 3055 Carminis
532 3005 687 3067 didascalici,
706 3007 788 3058 idest
807 3009 870 3067 eius,
889 3008 916 3056 in
934 3023 983 3071 quo
997 3022 1047 3057 una
1058 3020 1100 3056 ars

126 3071 181 3121 sive
199 3071 311 3121 doctrina
329 3074 381 3122 sive
401 3072 503 3138 aliquod
521 3083 694 3140 argumentum
712 3092 789 3125 unum
801 3074 940 3136 continenti
952 3076 1101 3126 tractatione

128 3139 241 3205 partium
259 3139 403 3201 absolvitur,
416 3140 499 3206 prima
510 3143 647 3208 specimina
659 3143 798 3209 reperimus
810 3143 836 3192 in
848 3142 1023 3207 Xenophanis,
1037 3139 1100 3190 Par-

127 3207 246 3269 menidis,
264 3207 425 3274 Empedoclis
443 3227 501 3275 opp.
521 3208 717 3278 περὶφύσεως,
731 3227 838 3277 quorum
850 3211 946 3261 utinam
959 3209 997 3259 ira
1018 3217 1102 3258 menta

126 3275 216 3335 edant,
235 3275 279 3340 qui
296 3277 405 3327 collecta
422 3288 529 3330 servant.
562 3278 622 3329 Mox
639 3280 784 3344 neglectum
802 3279 830 3328 id
847 3295 928 3344 genus
945 3278 977 3327 ab
1022 3277 1101 3334 ttieis,

128 3344 174 3409 qni
195 3360 286 3409 prosae
308 3345 341 3395 ad
364 3345 535 3396 doctrinarum
562 3362 636 3397 usum
659 3347 812 3397 excolendae
838 3347 927 3397 utilius
956 3344 1101 3403 studebant,

129 3411 289 3476 perfecerunt
307 3412 477 3474 Alexandrini,
496 3430 511 3463 a
528 3415 620 3479 quibus
637 3418 709 3465 venit
726 3416 758 3465 ad
775 3415 909 3476 Romanos,
922 3421 948 3464 et
967 3413 999 3462 ab
1011 3413 1101 3462 horum

129 3479 233 3546 ingenio
251 3496 317 3531 nova
335 3491 485 3532 ornamenta
501 3484 609 3549 aceepit.
642 3482 710 3532 Huic
726 3485 815 3549 generi
833 3482 962 3548 prolusum
980 3489 1031 3543 est,
1050 3497 1102 3531 non

127 3549 274 3614 exemplum
293 3549 380 3600 datum
398 3551 430 3601 ab
448 3548 560 3601 Hesiodo
578 3559 604 3602 et
621 3550 761 3602 Gnomicis.
