2694 4116
632 369 825 421 -86-

245 526 323 580 cendi
343 525 464 581 iniissent.
495 524 620 582 Ceterum
641 526 709 580 haec
729 543 772 580 res
793 528 921 581 adunam
935 526 1055 582 Atticam
1070 527 1225 582 referenda

244 609 294 668 est,
315 619 369 657 non
388 603 424 658 ad
439 603 581 658 Graeciam
601 605 763 661 universam.
793 603 889 674 Neque
904 603 974 657 euim
988 605 1043 658 ullo
1057 603 1138 657 modo
1152 621 1223 658 cre-

244 678 327 732 dibile
347 685 402 744 est,
424 679 553 734 Solonem
571 681 655 734 fuisse
675 681 789 750 primum
810 681 942 745 omnium,
970 682 1016 750 qni
1036 681 1085 734 tali
1104 680 1222 734 ratione

243 755 401 824 elegantiori
422 757 591 826 dispositioni
605 763 632 811 et
646 757 799 810 collectioni
814 756 1018 811 Homericorum
1034 773 1145 826 operum
1161 774 1217 810 oc-

243 833 378 886 casionem
399 834 484 901 daret,
504 850 592 903 neque
612 850 644 888 ea
663 833 690 886 iu
711 833 789 886 Ionia
808 840 836 888 et
856 833 920 888 alibi
940 838 994 887 tarn
1015 833 1154 900 dissolute,
1181 841 1219 886 ut

241 909 377 963 nonnullis
396 927 482 979 nuper
502 911 615 979 placuit,
636 917 745 979 tamque
766 910 877 963 confuse
891 916 918 964 et
931 911 1063 979 permixta
1078 908 1221 963 cantitata

242 1001 311 1053 esse,
332 992 363 1039 ut
383 1003 476 1040 sorum
496 988 582 1041 omnis
601 994 679 1040 tenor
699 985 805 1056 penitus
830 993 1055 1055 corrumperetur.

318 1061 414 1130 Immo,
435 1064 457 1117 si
476 1063 639 1132 praesidium
659 1063 738 1116 nobis
757 1063 785 1116 in
805 1064 864 1117 sola
884 1064 1040 1119 coniectura
1060 1068 1138 1128 esset,
1159 1063 1221 1116 ubi

240 1138 309 1192 alias
330 1157 410 1208 quam
430 1141 457 1193 in
477 1143 565 1209 patria
577 1139 690 1194 Homeri
709 1140 823 1207 primurn
843 1140 995 1193 institutum
1015 1140 1086 1193 illius
1099 1139 1218 1209 elegan-

241 1215 318 1268 tioris
332 1215 517 1285 dispositionis
530 1215 739 1286 quaereremus?
762 1215 844 1269 Addo
859 1217 939 1270 etiam
950 1215 1118 1286 scriptionis:
1132 1216 1220 1268 cuius

240 1293 328 1362 prima
347 1293 494 1346 tentamina
513 1311 530 1347 a
550 1293 698 1347 cultissima
716 1299 797 1362 gente
817 1293 890 1346 facta
908 1291 1064 1346 viderentur
1081 1291 1126 1344 illo
1141 1297 1219 1345 terrr-

240 1384 316 1438 pore‚
338 1385 393 1437 quo
414 1369 610 1423 coniectionem
630 1369 796 1422 voluminum
816 1370 971 1423 inchoatam
990 1385 1049 1423 esse
1069 1367 1220 1422 docuimus

241 1450 266 1508 ἓ.
287 1443 392 1512 XVII.,
413 1445 440 1497 h.
461 1463 484 1499 e.
498 1445 598 1501 Pittaci
618 1445 660 1499 vel
674 1444 784 1499 Solonis
803 1453 901 1500 aetate.
931 1445 991 1499 Etsi
1006 1444 1075 1499 enirn
1088 1445 1217 1514 peranti-

241 1537 311 1590 quus
331 1527 358 1574 et
379 1521 567 1575 celeberrimus
592 1539 651 1575 mos
671 1522 784 1576 canendi
804 1527 916 1592 propter
936 1539 1066 1576 summam
1086 1520 1217 1574 iucundi·

240 1603 338 1664 tatem,
365 1605 393 1652 et
413 1598 477 1666 quia
496 1598 575 1667 plane
595 1599 623 1652 in
643 1605 728 1652 artem
747 1599 866 1667 abierat,
892 1600 980 1652 miuus
1001 1597 1217 1652 desiderabilem

240 1672 330 1727 iacere
349 1675 439 1743 potuit
458 1675 648 1744 scriptionem,
673 1683 757 1745 atque
780 1675 850 1730 adso
874 1675 991 1730 fortasse
1014 1675 1077 1728 huie
1096 1673 1216 1744 negotio

240 1766 330 1804 moras
344 1751 453 1819 obiecit,
473 1758 572 1818 tarum,
592 1759 738 1821 postquam
755 1752 784 1805 id
797 1752 880 1806 semel
892 1752 991 1806 tentari
1005 1757 1144 1820 coeperat,
1164 1751 1219 1804 rix

241 1828 326 1880 ullum
341 1825 456 1882 Carmen
474 1829 594 1898 priorum
610 1834 762 1898 temporum
777 1829 912 1883 exstitisse
925 1834 1015 1899 putes,
1036 1827 1111 1898 quod
1125 1826 1221 1881 Grae-

244 1920 290 1958 cos
309 1921 397 1974 aeque
417 1906 570 1960 incitaverit
590 1905 625 1959 ad
645 1905 874 1975 perscribendum.

538 2005 550 2036 Ι

632 2064 818 2142 ΧΧΧΙΠ.

316 2204 396 2258 Nunc
416 2220 481 2257 vero
502 2205 568 2258 nihil
589 2223 657 2276 opus
678 2212 719 2260 est
739 2206 908 2260 coniecturas
935 2221 1042 2274 capere.
1089 2201 1219 2258 Historia

240 2279 370 2351 loquitur.
409 2280 480 2334 Nam
499 2299 553 2336 vox
571 2283 655 2337 totius
668 2283 837 2352 antiquitatis
852 2289 888 2346 et,
910 2282 932 2336 si
946 2298 1077 2336 summam
1091 2285 1219 2350 spectes,

241 2357 411 2411 consentiens
431 2357 503 2410 fama
522 2365 649 2428 testatur,
675 2361 851 2413 Pisistratum
873 2357 1003 2412 Carmina
1023 2357 1139 2410 Homeri
1153 2355 1218 2425 pri-

240 2451 314 2486 mam
325 2433 495 2503 σοααίηαααεα
508 2435 611 2504 litteris,
631 2444 655 2489 et
667 2438 696 2490 irs
710 2454 769 2490 cam
782 2437 901 2489 ordinem
913 2435 1052 2504 redeqissq
1074 2451 1127 2502 quo
1141 2449 1216 2486 auec

241 2513 370 2580 muniar.
410 2511 472 2564 Hoc
492 2513 627 2582 posterius
648 2512 753 2579 Cicero,
772 2511 923 2567 Pausanias
943 2519 970 2566 ot
990 2510 1087 2580 reliqui
1108 2525 1215 2574 omnes,

241 2589 288 2657 qui
308 2587 470 2641 mentionem
492 2590 530 2644 rei
549 2589 667 2657 iaciunt,
692 2590 788 2644 iisdem
807 2606 895 2659 prope
915 2587 1006 2642 verbis
1026 2595 1055 2641 et
1076 2593 1107 2640 ut
1128 2586 1214 2655 vulgo

240 2664 409 2718 notissimum
422 2666 605 2735 perhibenti).
638 2665 692 2721 Sed
713 2667 849 2737 quomodo
871 2667 941 2719 hanc
960 2663 1060 2717 famam
1084 2664 1218 2731 iuterpre-

310 2842 331 2907 ὓ)
350 2840 404 2894 cic.
423 2842 454 2892 de
472 2844 542 2894 Orat.
560 2842 605 2903 ill,
623 2845 665 2897 34.
697 2840 759 2897 Quo
776 2841 872 2892 doctior
889 2839 977 2890 iisdem
990 2838 1041 2889 illis
1053 2836 1218 2902 temporibus,

242 2917 288 2959 out
306 2909 379 2959 caim
397 2909 539 2973 eloquentia
556 2911 648 2961 litteris
665 2910 815 2960 instructior
826 2909 905 2967 fuisse
917 2907 1039 2970 traditur,
1052 2922 1130 2971 qaam
1143 2903 1216 2955 Pisi·

240 2976 333 3027 stratii
351 2977 397 3042 qui
410 2979 513 3042 primas
532 2979 637 3029 Homeri
654 2978 739 3041 libros,
757 2979 873 3039 contrusa
891 2985 982 3036 autea,
999 2975 1036 3024 sic
1060 2973 1218 3038 disposuisse

241 3045 349 3106 dicitur,
368 3052 397 3095 at
415 3062 485 3099 nunc
502 3047 629 3098 labemus.
663 3047 773 3100 Pausan.
792 3046 849 3106 Vll,
867 3047 910 3098 26.
927 3063 953 3110 p·
973 3045 1034 3099 594.
1054 3037 1218 3107 Πεισίστρα-

242 3130 291 3171 τος
309 3111 360 3182 ἔπη
378 3111 410 3166 τὰ
424 3109 547 3184 Ὃμήροο
565 3115 750 3176 διεσπασμένα
767 3111 933 3166 seruitiis
951 3113 983 3162 οῦ
993 3107 1220 3178 μνημονευόμενα

244 3181 401 3302 ἔθροίζετο.
421 3180 500 3249 [ἄλλα
517 3183 634 3253 ἀλλαχοῦ
652 3184 734 3252 Coray
752 3183 785 3233 sd
801 3182 900 3234 Aelian.
944 3221 950 3235 .
968 3180 1001 3233 H.
1020 3182 1045 3240 8,
1063 3180 1088 3232 2.
1106 3187 1133 3228 et
1150 3178 1220 3246 prior

264 3252 365 3302 chaet'er
381 3251 415 3302 ad
433 3254 511 3320 Loug.
530 3270 555 3319 p.
578 3253 648 3318 363]
685 3253 784 3318 loseph.
803 3268 824 3306 e.
844 3252 935 3316 Apion.
953 3249 974 3310 1,
998 3250 1022 3302 2.
1046 3241 1129 3296 Φασὶν
1155 3242 1219 3296 οὐδὲ

236 3315 359 3387 ⁰01¹va
380 3317 409 3368 ἒν
424 3324 569 3404 γράμμασι
586 3321 634 3388 τὴν
654 3320 739 3372 αὑτοῦ
757 3317 861 3387 ποίησιν
879 3315 1049 3400 καταλιπεῖν,
1070 3310 1139 3394 ἀλλὰ
1162 3313 1217 3395 Ιδια-

242 3403 479 3504 μνημονεοομενην
492 3389 522 3440 ἐκ
533 3392 586 3441 τῶν
598 3389 728 3452 ἀσμάτων
747 3387 864 3455 ὕστερον
890 3386 1066 3454 σοντεθηναι,
1089 3382 1219 3444 videlicet,

244 3472 261 3505 a
299 3457 421 3509 isistrsto.
455 3459 558 3510 Aelisu.
581 3459 614 3510 V.
636 3458 668 3509 H.
691 3458 762 3518 Xlll,
785 3459 825 3511 14.
854 3449 942 3504 ο’Υσιέ
961 3470 992 3504 ον
1019 3447 1221 3518 Πεισίστρατος

243 3526 417 3591 συναγαγὼν,
439 3526 560 3595 ἀπέφηνε
583 3526 631 3595 τὴν
652 3523 756 3577 Ἰλιάδα
779 3522 821 3575 καλ
880 3520 922 3572 ν’
949 3521 1085 3573 δύσσειαν.
1125 3520 1218 3572 Libau.

244 3591 367 3659 Panegyr.
385 3596 411 3645 iu
428 3595 519 3646 Iulian.
538 3595 568 3646 Τ.
585 3595 606 3646 1.
623 3611 648 3660 p.
668 3597 728 3649 170.
743 3594 831 3646 Reislr.
870 3589 1041 3660 εισίστρατσν
1054 3587 1218 3651 ἐπαινοῦμεν
