2702 4124
676 349 864 402 ..66-

289 505 432 561 commode
451 505 558 562 absolvi
570 507 669 576 potuit.
697 506 732 560 In
744 506 804 562 aliis
819 506 996 575 Carminibus,
1017 512 1049 560 ut
1068 508 1095 561 in
1109 499 1260 572 Καταλόγῳ

288 582 368 644 νεῶν,
390 583 418 637 in
441 574 519 649 Κόλῳ
541 579 626 650 μάχῃ,
654 589 739 638 artem
763 582 893 653 rhapsodi
913 589 1063 654 spectatam
1082 593 1160 654 puto,
1182 600 1257 653 prae-

288 659 383 714 sertim
402 661 430 714 in
449 661 576 730 legitimis
597 659 796 727 certaminibus,
819 666 850 714 ut
871 676 932 714 cum
952 660 1049 714 ceteris
1070 667 1134 732 apte
1155 662 1258 715 coirent

288 741 317 790 et
337 737 446 807 elegans
462 732 539 802 ῥάφη
557 737 720 791 efficeretur:
750 736 778 790 in
798 753 852 806 quo
872 743 963 791 tamen
982 737 1055 792 haud
1076 737 1160 793 dubie
1180 738 1257 808 plura

287 827 337 882 per
355 814 465 868 saecula
483 812 551 867 nihil
571 819 674 867 certum
694 818 721 866 et
740 820 868 867 constans
889 814 950 881 fuit,
972 830 1054 882 quum
1075 831 1118 869 res
1139 814 1220 868 modo
1239 833 1257 868 a

287 890 354 944 locis
379 905 412 943 ac
436 890 604 960 temporibus
628 889 772 955 recitandi,
806 889 886 944 modo
913 891 948 945 ab
974 890 1082 961 iugenio
1110 897 1138 946 et
1157 890 1255 944 iudicio

287 965 484 1036 rhapsodorum
504 965 642 1037 penderet.

691 1139 834 1216 XXVI.

363 1298 440 1354 Haec
461 1299 557 1367 omnia,
578 1315 648 1368 quae
668 1305 794 1353 accurate
815 1298 928 1369 exposui
946 1297 979 1352 de
994 1304 1115 1369 tempore
1128 1306 1254 1370 receptae

285 1376 400 1447 primum
426 1374 499 1444 apud
524 1375 647 1431 Graecos
676 1376 838 1445 scripturae,
870 1374 904 1428 de
933 1375 1022 1444 prisco
1052 1376 1253 1446 pangendorum

285 1451 540 1524 prodendcrumque
555 1451 708 1506 Carminum
721 1468 805 1519 more,
827 1451 860 1504 de
874 1451 1026 1520 rhapsodis,
1046 1453 1132 1506 unicis
1147 1453 1254 1507 illorum

286 1528 465 1599 depositariis,
487 1527 619 1596 quaedam
639 1529 716 1598 quasi
735 1523 879 1593 προτέλεια
896 1534 958 1582 sunt
973 1528 1095 1584 diversae
1110 1535 1137 1582 et
1152 1530 1253 1584 altioris

286 1604 460 1676 quaestionis.
491 1604 522 1657 ln
542 1603 594 1658 hac
614 1611 726 1674 repente
746 1605 832 1658 omnis
853 1622 963 1674 campus
984 1605 1181 1675 disputationis
1201 1625 1253 1660 mu·

284 1687 366 1748 tatur,
388 1687 552 1735 evanescunt
570 1681 654 1735 ferme
668 1682 782 1751 vestigia
795 1680 933 1747 historica,
955 1682 1030 1735 etin
1049 1683 1141 1737 locum
1162 1699 1253 1738 eorum

286 1757 392 1829 trepide
413 1757 533 1811 succedit
553 1759 709 1812 coniectura
728 1763 755 1812 et
775 1758 954 1826 ratiocinatio,
976 1775 1030 1811 non
1050 1775 1184 1828 quaerens
1197 1761 1252 1825 ina,

285 1834 350 1905 quid
363 1834 529 1900 Herodotus,
553 1835 617 1904 quid
631 1835 721 1902 Plato,
744 1834 808 1902 quid
830 1851 948 1888 summus
962 1832 1128 1889 Aristoteles
1148 1837 1252 1901 afferat,

284 1912 333 1967 sed
353 1911 418 1982 quid
439 1928 473 1966 ex
491 1911 629 1983 principiis
649 1911 718 1965 bene
738 1909 853 1980 provisis
874 1916 989 1981 cogatur
1009 1917 1036 1965 et
1056 1911 1208 1982 efficiatur,
1227 1913 1252 1966 id

284 2005 379 2044 severo
410 1987 509 2042 iudicio
540 2005 705 2057 persequens
734 1993 762 2041 et
787 2003 849 2040 cum
874 1987 934 2057 ipsa
960 1993 1056 2042 natura
1083 2006 1252 2060 comparans.

285 2064 462 2119 Coniecturae
486 2064 640 2118 huiusmodi
664 2064 747 2117 hodie
772 2062 870 2135 vulgus
896 2065 1026 2118 infamare
1051 2065 1122 2118 solet
1147 2067 1252 2120 nomine

284 2139 485 2212 hypothesium.
525 2141 602 2196 Dura
621 2141 755 2194 conditio:
775 2157 824 2194 nos
845 2147 934 2194 tamen
955 2140 1002 2195 diu
1021 2143 1141 2196 cunctati
1162 2149 1252 2197 etex·

285 2221 447 2286 spectantes,
468 2216 532 2270 dum
544 2217 737 2284 praefidentior
750 2217 819 2271 alius
833 2216 886 2270 hoc
899 2217 1020 2283 auderet,
1035 2235 1088 2270 non
1103 2226 1251 2273 metuamus
1328 2249 1329 2282 ᾗ

285 2293 386 2348 diutius
406 2292 509 2361 famae,
534 2293 743 2363 planissimeque
768 2294 859 2347 statim
881 2294 1016 2362 dicamus,
1044 2295 1117 2364 quod
1138 2313 1182 2349 res
1204 2305 1251 2349 est.

337 2371 339 2379 ⁴
360 2368 478 2422 Videtur
497 2370 588 2439 itaque
610 2388 642 2424 ex
661 2370 714 2423 illis
734 2371 810 2439 sequi
829 2371 997 2438 necessario,
1018 2377 1073 2426 tam
1094 2388 1251 2442 magnorum

285 2452 313 2501 et
333 2452 463 2516 perpetus
483 2446 551 2500 serie
572 2446 748 2500 deductorum
774 2463 886 2515 operum
904 2446 1019 2502 formam
1039 2465 1055 2500 a
1075 2448 1150 2501 nullo
1172 2451 1252 2517 po’e‘ta

283 2539 334 2578 nec
360 2522 494 2592 designari
521 2523 608 2576 animo
636 2540 685 2577 nec
712 2521 846 2578 elaborari
870 2524 991 2592 potuisse
1017 2524 1074 2578 sine
1103 2523 1251 2578 artificioso

284 2599 446 2654 adminiculo
471 2600 624 2654 memoriae.
662 2599 746 2656 Coelo
767 2598 912 2653 demissum
931 2599 1068 2671 ingenium
1088 2599 1183 2655 demus
1196 2601 1251 2654 Ho-

284 2693 369 2744 mero,
389 2676 578 2730 altissimarum
598 2693 685 2746 capax
704 2675 912 2745 cogitationum,
934 2677 1035 2746 quibus
1055 2676 1208 2732 divinarum
1227 2685 1253 2730 et
1327 2703 1328 2714 κ

283 2752 461 2806 humanarum
473 2770 561 2806 rerum
575 2753 691 2806 omnium
705 2752 846 2807 scientiam
861 2752 1028 2821 exhauserit3
1048 2754 1084 2806 sit
1103 2753 1149 2808 ille
1161 2754 1249 2816 nobis,

284 2833 315 2884 ut
333 2827 455 2883 Velleius
480 2830 531 2896 ait,
556 2829 614 2883 sine
643 2829 765 2897 exemplo
792 2829 922 2882 maximus
947 2835 974 2883 et
994 2829 1051 2883 sine
1070 2831 1192 2884 aemulo:
1219 2847 1250 2884 ac

283 2922 348 2961 eane
368 2921 505 2974 nunquam
524 2906 596 2959 illius
618 2905 723 2959 luminis
749 2904 877 2974 splendor
900 2905 999 2960 iterum
1023 2906 1175 2973 exorietur,
1200 2905 1250 2960 nisi

285 2982 399 3037 alteram
419 2981 562 3036 Graeciam
581 2988 735 3036 nascentem
756 2981 853 3036 viderit
877 2980 965 3036 orbis:
995 2983 1030 3036 sit
1053 2981 1114 3048 ille,
1141 2982 1190 3051 qui
1213 2982 1249 3034 in-

283 3057 362 3130 genio
383 3075 466 3127 supra
486 3073 577 3112 omnes
599 3060 705 3125 eminet,
727 3057 801 3128 quod
821 3063 928 3127 praeter
947 3064 1071 3112 naturam
1092 3064 1148 3124 est,
1176 3059 1249 3113 lima·

283 3134 402 3190 tissimus
427 3133 499 3188 idem
523 3141 550 3188 et
576 3136 648 3188 omni
675 3141 733 3188 arte
756 3134 979 3204 perfectissimus:
1008 3151 1042 3188 ne
1067 3135 1116 3189 tali
1142 3134 1249 3203 quidem

283 3211 385 3266 homini
410 3211 493 3265 tribui
517 3216 608 3280 potest
633 3212 676 3279 id,
703 3211 777 3280 quod
802 3228 913 3281 prorsus
938 3211 1113 3266 humanitatis
1140 3215 1249 3279 captum
1326 3253 1327 3270 ,

283 3294 408 3358 superat,
437 3294 465 3342 et
494 3287 538 3342 cui
566 3295 655 3343 mente
686 3287 890 3360 complectendo
920 3286 996 3342 locus
1026 3295 1053 3342 et
1083 3288 1197 3342 materia
1224 3293 1248 3340 et
1326 3285 1327 3330 ἶ

284 3463 301 3498 ι
318 3447 494 3500 Grammaticis
514 3447 655 3514 appellatur
676 3447 706 3499 Il.
724 3442 753 3499 Ε.
794 3445 872 3507 Quod
895 3448 978 3514 ipsum
1006 3464 1056 3497 una
1084 3463 1141 3510 eum
1162 3454 1247 3498 tenore

282 3517 476 3566 constructionis
492 3515 567 3566 valde
583 3515 729 3568 adversatur
746 3516 819 3570 obelo
836 3516 1014 3576 Valckenarii‚
1033 3514 1141 3566 delentis
1164 3516 1246 3574 verbs,

280 3579 313 3633 tr
332 3581 481 3652 Διομήδεος
495 3582 629 3653 ἀριστείῃ.
