2694 4116
515 349 729 424 ÷139=

131 508 257 578 plerique
278 505 463 576 Grammatiei,
484 512 570 562 artem
591 505 720 560 docentes
741 503 922 560 Alexandriae
942 513 971 561 et
991 505 1106 574 Romae,

130 586 157 640 in
184 584 283 654 quibua
308 583 344 638 ad
369 583 484 636 XXXX
509 587 585 638 erant
610 582 727 650 profecti
753 582 789 636 ab
816 582 901 652 ipsius
925 582 1105 654 disoipliuv),

129 662 232 732 aliique
252 660 288 717 ab
302 659 484 714 Aristarcheis
504 659 620 713 instituti
639 658 712 713 huno
725 657 912 730 Pythagorioa
931 657 1049 729 quadam
1062 676 1105 713 su·

131 737 293 808 perstitiono
312 754 367 790 uno
388 753 436 791 ore
455 735 530 790 velut
551 735 631 789 deum
652 753 730 789 suum
750 735 879 803 colerent,
899 741 931 790 ut
949 735 1106 806 profiteren-

131 822 178 868 tur
198 813 288 880 etiam,
309 813 388 867 malle
407 829 437 866 ee
457 829 490 866 eo
513 812 582 866 duee
604 827 693 866 errare
714 811 806 882 potius
826 829 908 882 quem
928 829 994 866 vera
1007 813 1107 866 rendre

132 908 194 946 oum
216 887 353 959 reteniat),
374 889 518 958 paullatim
538 888 574 942 ad
594 904 641 942 eos
662 905 770 953 omnes,
798 890 844 958 qui
869 887 978 942 soholas
997 888 1108 942 illorum

131 966 358 1036 frequentabant,
384 965 536 1035 studiisque
560 965 712 1021 litterarum
740 969 768 1019 et
787 967 877 1034 potitis
897 965 1106 1034 interpretandis

131 1044 251 1114 aliquam
270 1049 375 1113 partem
395 1042 493 1097 aetatis
513 1041 712 1111 impertiebant,
734 1041 774 1110 (id
795 1049 886 1096 autom
906 1057 955 1112 per
974 1041 1028 1096 ista
1047 1058 1106 1096 eae.

132 1121 196 1176 cula
215 1119 363 1174 liberaliter
383 1118 539 1173 educandus
559 1118 675 1188 quisque
701 1118 843 1188 leniebat)
869 1117 964 1188 ingene
990 1118 1041 1172 viri
1066 1117 1106 1171 di-

132 1196 254 1251 manavit
279 1195 456 1262 existimatio,
484 1211 636 1264 nomenque
662 1194 864 1265 quodammodo
890 1193 1045 1250 traductum
1065 1201 1109 1250 est

131 1275 159 1327 in
178 1273 265 1342 ipsam
285 1279 372 1326 artem
392 1270 611 1341 explicandorum
631 1278 659 1326 et
673 1271 891 1340 oasfigandorum
904 1269 1108 1342 seriptomm⁶).

130 1350 177 1406 Ita
196 1351 298 1403 laetum
312 1355 354 1404 est
367 1349 493 1418 donique,
514 1354 552 1416 ut,
573 1349 696 1418 quemvis
710 1348 794 1402 vitam
808 1353 836 1402 et
848 1348 935 1402 libros
949 1350 1007 1404 eius
1021 1349 1106 1402 multo

134 1425 223 1480 minus
243 1443 324 1495 qoam
345 1424 538 1494 Aristophanis
558 1425 691 1492 norimus,
717 1427 776 1495 ipse
801 1422 938 1496 hodieque
961 1427 989 1480 in
1009 1427 1107 1496 vulgus

131 1503 266 1558 eelebrior
285 1503 320 1556 sit
340 1505 369 1556 et
387 1499 572 1571 Aristophane
592 1509 621 1556 et
639 1503 751 1572 reliquis
770 1501 904 1569 omnibus,
925 1503 972 1572 qui
993 1503 1056 1557 olim
1078 1503 1107 1556 in

131 1579 186 1632 hoo
206 1579 313 1634 minime
333 1577 430 1632 illustri
450 1594 549 1648 genere
569 1577 710 1633 doetrinae
731 1579 906 1634 elaborarunt
914 1577 947 1649 7).

201 1775 223 1840 ⁴)
240 1776 382 1826 Paueorum
401 1781 518 1823 ooourata
536 1778 658 1825 memoria
676 1782 770 1834 exstat,
796 1774 975 1825 nonnullorum
998 1773 1035 1823 nil
1058 1773 1106 1824 nisi

132 1845 239 1896 obseura
257 1845 366 1903 nomina,
385 1840 454 1906 apud
473 1839 577 1892 Suidam
595 1843 694 1908 prodita
706 1843 809 1908 passim,
822 1849 850 1892 nt
862 1841 946 1908 Aperi,
961 1840 1106 1891 Dicaearchi

132 1910 327 1962 Lacedaemonii
346 1919 393 1960 eto.
429 1908 531 1970 Elorum,
550 1909 593 1975 qui
611 1911 708 1978 aliquid
732 1909 765 1960 ad
782 1909 919 1961 Homerum
944 1909 1109 1960 commentati

132 1990 200 2041 sunt,
219 1979 325 2045 posthae
342 1977 435 2028 mentio
452 1977 503 2027 liet
532 1977 582 2028 Hie
599 1989 625 2030 et
643 1978 701 2032 alibi
721 1977 792 2028 valde
810 1977 980 2029 desideremus
998 1976 1105 2042 diligen-

132 2049 225 2099 tissimi
243 2046 322 2098 Iouaii
339 2044 490 2112 promissum
508 2062 572 2112 opus
591 2049 623 2099 de
641 2045 814 2100 Grammatiois
833 2047 878 2096 Gr.

203 2133 224 2198 ιι)
242 2132 356 2198 Apparet
380 2131 428 2182 hoo
450 2149 480 2182 ex
503 2133 591 2184 multis
615 2133 680 2184 loois
704 2133 878 2193 Scholiorum,
906 2129 933 2182 in
963 2130 1055 2198 quibus
1079 2131 1107 2182 hi

132 2201 241 2251 maxime
258 2201 357 2251 ridiouli
375 2213 443 2260 eunt,
463 2199 495 2249 ad
513 2198 541 2263 β.
561 2202 619 2255 316.
655 2196 759 2269 Ἐπειδὴ
778 2197 865 2258 οὕτως
888 2199 967 2251 δοκεῖ
986 2199 1023 2268 τῷ
1046 2196 1108 2266 Ἀρι·

133 2267 255 2336 οτάρχῳ,
274 2266 431 2332 πειθόμεθα
449 2266 531 2336 αὐτῷ,
550 2267 589 2326 ὡς
606 2268 676 2321 πάνυ
695 2267 796 2338 ἀρίστῳ
815 2264 1002 2355 Ῑὶοαμματικῷ,
1027 2277 1053 2319 et
1075 2267 1110 2318 ad

134 2337 158 2390 d.
178 2337 236 2393 235.
271 2331 376 2386 Μᾶλλον
395 2335 521 2388 πειστέον
540 2333 752 2408 Ἀριοτάρχῳ,ἢ
775 2341 815 2407 τῷ
834 2332 975 2406 Ερμαπίᾳ,
999 2335 1030 2386 εὶ
1053 2333 1109 2385 καὶ

134 2404 234 2455 δοκεῖ
250 2402 445 2473 ἀληθεύειν.

204 2474 225 2537 ⁶)
243 2474 358 2524 Eximiae
382 2472 414 2523 de
439 2473 582 2525 Aristarcho
604 2475 692 2526 laudes
722 2485 781 2527 sunt
812 2475 926 2541 aequalis
950 2472 1108 2539 philosophi,

133 2541 257 2599 Panaetii,
276 2558 316 2608 tp·
335 2541 427 2592 Albon-
446 2541 516 2592 XIV·
535 2560 558 2608 p.
579 2543 638 2596 634.
656 2542 682 2594 O.
703 2544 817 2595 sonantis
835 2544 908 2593 illum
919 2541 1052 2605 μάντιν,
1065 2537 1109 2589 διὰ

134 2608 167 2658 τὸ
187 2606 290 2676 ῥᾳδίως
311 2606 567 2669 καταμαντεύεσθαι
590 2608 642 2668 τὰς
661 2613 716 2662 τῶν
740 2611 897 2680 ποιημάτων
923 2606 1058 2670 διανοίας,
1082 2617 1109 2659 et

135 2678 208 2728 Sexti
230 2677 323 2743 [impia
343 2695 363 2728 ο·
382 2675 461 2729 Mtth·
479 2677 523 2741 IX,
539 2681 594 2733 110.
608 2680 651 2746 qui
664 2697 721 2732 enm
734 2681 834 2731 Platoni
847 2679 1004 2745 aliarumque
1017 2677 1109 2728 artium

134 2748 241 2796 summis
260 2746 369 2812 ingeniis
387 2756 522 2812 comparat.
557 2746 676 2799 Notiores
694 2749 743 2800 looi
762 2758 821 2798 sunt
838 2747 993 2807 Latinorum,
1011 2747 1037 2796 in
1055 2745 1108 2812 pri-

135 2814 183 2864 mir
202 2815 304 2866 Horatii
323 2817 375 2864 Art.
395 2817 460 2880 poet.
479 2816 539 2868 450.
557 2814 684 2868 Ciceronis
701 2817 767 2884 Epp.
785 2818 818 2867 ad
837 2813 928 2876 Atti,
948 2819 988 2869 lt.

203 2883 225 2950 ⁷)
245 2882 298 2932 Gur
319 2883 510 2948 grammaticam
533 2882 675 2937 doetrinam
698 2885 802 2935 minima
825 2881 948 2934 illustrem
971 2882 1109 2949 appellem,

135 2951 213 3016 probe
231 2950 382 3015 intelligent,
401 2951 493 3016 quibus
511 2954 681 3017 antiquarum,
699 2955 847 3020 praesertim
871 2952 1022 3011 liberarum,
1047 2951 1108 3001 eivi-

135 3025 215 3070 tatum
243 3033 327 3070 mores
351 3029 378 3070 et
407 3019 493 3069 studia
522 3021 622 3086 cognita
645 3031 711 3075 sunt.
746 3023 787 3072 De
810 3020 902 3088 quibus
925 3019 1002 3070 verbo
1025 3019 1111 3069 monui

134 3106 189 3156 esp.
202 3088 271 3138 xiil.
285 3104 311 3138 n.
326 3088 364 3140 12.
389 3087 440 3137 Sed
459 3087 483 3136 iu
501 3095 610 3154 utroque
622 3091 725 3158 populo,
739 3099 767 3142 ut
785 3104 899 3156 quaeque
912 3096 991 3138 ars'et
1003 3087 1112 3138 seientia

134 3156 249 3207 subtilior
265 3165 320 3206 erat
338 3163 363 3204 et
381 3171 411 3204 ex
429 3155 593 3206 abditioribus
611 3158 723 3209 sontibus
742 3158 889 3217 haurienda,
902 3158 938 3206 ita
955 3156 1039 3206 minus
1051 3171 1110 3220 gra·

135 3225 187 3276 tino
204 3232 229 3276 et
246 3225 350 3275 honoris
368 3222 480 3274 habebat
498 3225 525 3273 in
544 3225 646 3291 vulgos.
672 3226 760 3292 Itaque
772 3227 811 3278 rel
825 3224 1015 3278 utilissimarum
1026 3239 1109 3274 rerum

133 3294 217 3360 periti,
235 3296 391 3350 Geometras,
411 3292 564 3352 Astronomi,
583 3294 686 3356 Medioi,
705 3294 868 3346 Grammatioi
884 3302 910 3343 et
927 3291 1014 3343 critici
1026 3306 1109 3358 paene

133 3361 360 3414 mntemnebautur
382 3376 442 3426 prae
465 3358 569 3410 Oratore
593 3369 618 3412 ot
641 3379 725 3413 rorum
752 3363 862 3415 civilium
889 3361 1026 3428 prudente:
1054 3361 1112 3425 ipse

136 3429 301 3482 Archimedes
325 3426 427 3478 humilis
450 3426 615 3480 homunculus
638 3440 677 3482 est
700 3433 733 3483 ad
757 3432 890 3482 Platonem
914 3439 940 3480 et
963 3428 1109 3495 Arohytam.

136 3500 287 3564 Quanquam
306 3496 387 3548 fastus
405 3496 449 3547 hio
465 3503 505 3546 est
521 3494 702 3561 Romanorum,
721 3500 765 3566 qui
782 3501 876 3568 magis,
919 3513 976 3548 uam
996 3511 1110 3564 unquam

135 3568 363 3630 Graeoileoernnt,
381 3563 497 3616 liberalia
514 3565 600 3618 studia
618 3567 650 3618 ad
667 3567 788 3620 lunellum
805 3568 841 3620 rei
860 3515 975 3635 potitiae
993 3573 1019 3617 et
1030 3580 1111 3632 popu·
