2702 4124
501 327 694 380 „43-

100 482 183 538 leudi
202 490 231 538 et
250 499 359 551 prosam
379 483 523 553 condendi,
543 485 610 539 satis
629 484 683 539 iam
701 485 829 556 expedita
844 484 927 540 fuerit
940 485 1086 555 scriptoria

103 576 153 612 ars
180 565 342 628 suppetente
367 563 447 632 copia
471 561 725 630 instrumentorum,
752 561 852 632 quibus
878 561 913 616 ad
942 577 1001 616 eam
1027 569 1086 616 ute·

103 641 203 690 rentur
222 635 280 690 sine
300 637 433 692 molestia.
457 637 519 694 Non
541 637 614 708 quod
629 639 655 691 in
669 638 723 692 ista
737 635 816 707 copia
835 638 919 693 ullam
933 637 987 692 vim
1001 638 1087 692 fuisse

105 717 220 781 putem,
249 720 280 766 ut
304 731 405 767 norum
430 731 516 784 genus
536 715 656 784 cogitata
682 714 826 784 eloquendi
852 720 1021 782 nasceretur,
1047 715 1088 768 uti

108 789 185 842 docti
205 787 323 858 quidam,
344 807 427 860 quum
447 792 583 860 poeticam
603 795 660 843 tam
681 797 785 844 mature
805 797 897 844 natam
916 791 1086 858 mirarentur,

105 881 213 933 neque,
235 881 283 918 our
302 867 340 919 ita
359 866 463 921 factum
483 875 563 933 esset,
585 866 721 934 viderent,
743 883 851 921 eausam
872 868 929 921 eius
949 867 989 920 rei
1009 883 1087 936 prae·

107 941 218 1010 oipuam
236 940 307 996 bano
327 943 484 1010 attulerunt,
505 943 580 1013 quod
594 943 668 996 rudis
682 943 799 1012 populus
812 949 892 997 acute
906 942 1081 1012 praeviderit,

109 1017 238 1070 eximium
256 1019 422 1086 praesidium
442 1019 588 1073 memoriae
608 1019 667 1073 fors
687 1021 715 1072 in
735 1035 878 1074 numerosa
898 1019 1087 1072 moderatione

107 1109 250 1148 versuum:
279 1112 374 1147 verum
399 1103 489 1149 tamen
515 1112 570 1149 non
594 1095 731 1166 intelligo,
763 1113 818 1164 qua
841 1095 951 1149 tandem
980 1089 1087 1148 ratione

108 1169 237 1238 cuiquam
256 1169 283 1222 in
304 1178 422 1224 mentem
441 1173 533 1226 venire
553 1172 674 1241 potuerit
693 1173 795 1241 aliquid
810 1173 963 1241 prosarium
977 1186 1086 1239 compo-

107 1261 174 1299 nere
194 1246 245 1298 nisi
267 1246 348 1300 aliam
368 1248 521 1302 custodiam
535 1247 679 1316 compositi
692 1247 720 1300 in
734 1254 861 1317 promptu
876 1247 990 1302 baberet
1005 1263 1088 1316 quam

106 1322 267 1376 memoriam
287 1341 372 1376 suam.
400 1323 532 1379 Obruitur
552 1326 624 1378 enim
638 1325 777 1390 memoria,
799 1324 958 1393 animusque
972 1329 1088 1393 vagatur

108 1402 138 1451 et
162 1405 235 1452 errat
255 1401 282 1452 in
307 1399 360 1453 hae
385 1400 473 1454 libera
498 1401 700 1454 continuatione
724 1400 883 1467 verborum,
909 1417 980 1470 quae
1006 1399 1087 1453 nullis

109 1475 193 1528 certis
221 1476 339 1529 numeris
366 1477 498 1531 adstricta
524 1483 580 1543 est,
610 1477 692 1530 nullis
718 1477 794 1530 velut
823 1476 918 1547 spatiis
949 1476 1086 1541 distincta,

108 1550 211 1620 quibus
232 1550 318 1605 oratio
341 1552 434 1607 orbem
455 1570 532 1606 suum
553 1553 687 1606 conficiat.
729 1552 816 1623 Atqui
837 1570 921 1623 quum
939 1551 1088 1606 Homerica

108 1627 194 1680 dictio
215 1628 296 1697 longe
316 1628 453 1699 longeque
473 1630 585 1684 reducta
605 1631 641 1683 sit
661 1630 696 1683 ab
723 1647 755 1684 eo
782 1646 865 1696 sono,
891 1645 971 1698 quem
996 1629 1025 1681 in
1049 1627 1088 1680 in·

107 1703 198 1758 fantis
218 1704 337 1773 gentium
360 1705 457 1759 horror
477 1713 618 1775 troporum
640 1712 667 1759 et
686 1706 833 1776 imaginum
853 1704 937 1771 inflat,
958 1711 1040 1774 atque
1061 1703 1089 1756 in

107 1779 204 1834 verbis
224 1785 252 1834 et
272 1779 458 1836 locutionibus
480 1783 614 1852 castigata
634 1781 788 1848 admodum,
809 1781 946 1850 aequabili
961 1797 1088 1834 verecun-

108 1856 202 1925 doque
231 1861 327 1910 tenore
358 1874 408 1911 suo
439 1859 516 1928 quasi
547 1859 723 1928 praenunciet
756 1858 908 1926 pedestrem
942 1856 1088 1909 dictionem

106 1933 237 2002 proxime
253 1939 415 2002 secuturam,
438 1952 518 2004 quam
539 1941 629 1988 tamen
650 1935 765 2003 amplius
790 1933 843 1986 tria
867 1933 976 1986 saecula
1000 1947 1016 1984 a
1042 1947 1088 1984 ne·

106 2009 181 2062 mine
202 2015 332 2063 tentatam
352 2011 517 2078 reperimus:
536 2011 575 2064 ita
595 2027 655 2064 mea
675 2010 729 2064 fert
748 2009 848 2080 opinio,
870 2016 899 2063 nt
918 2026 972 2062 non
987 2008 1088 2061 cultum

106 2085 288 2155 ingeniorum,
303 2087 351 2140 sed
365 2087 418 2140 alia
432 2087 564 2156 quaedam
576 2086 744 2156 maximeque
756 2085 942 2140 difficultatem
953 2083 1089 2138 scribendi

106 2161 227 2216 arbitrer
247 2162 273 2215 in
295 2179 370 2216 mora
390 2163 482 2231 fuisse,
503 2181 558 2233 quo
579 2164 666 2218 minus
687 2164 822 2233 politicam
836 2179 918 2232 prosa
933 2161 1090 2231 eloquentia

106 2245 166 2292 tam
187 2238 277 2305 celeri,
299 2255 379 2308 quam
400 2246 499 2293 natura
519 2241 611 2306 ferret,
632 2240 719 2310 gradu
740 2244 908 2309 sequeretur.

189 2313 278 2382 Quam
299 2315 334 2368 ob
356 2332 412 2369 rem
433 2317 595 2386 scripturam
615 2322 720 2370 tentare
741 2322 768 2370 et
795 2314 930 2369 communi
955 2313 1017 2367 usui
1042 2329 1089 2382 ap·

107 2397 170 2444 tare
190 2391 270 2460 plane
290 2391 362 2444 idem
381 2392 490 2446 videtur
509 2393 604 2458 fuisse,
635 2398 718 2460 atque
742 2409 851 2461 prosam
877 2397 982 2445 tentare
1008 2395 1036 2442 et
1061 2388 1089 2440 in

108 2483 144 2520 ea
164 2466 314 2520 excolenda
332 2485 362 2522 se
375 2485 486 2537 ponere.
516 2469 613 2539 Neque
628 2468 698 2521 enim
712 2475 769 2521 tum
782 2468 897 2537 primum
911 2465 1089 2519 nascebatur:

108 2543 216 2597 cultura
236 2543 317 2596 modo
339 2544 462 2598 defuerat
482 2551 511 2599 et
524 2543 704 2599 conformatio
721 2544 863 2614 quasdam,
883 2542 911 2595 in
924 2542 1012 2610 ligno,
1034 2556 1089 2593 me·
1177 2587 1179 2592 .

108 2619 194 2684 tellis,
218 2619 355 2688 lapidibus
375 2637 429 2674 non
450 2621 544 2676 melius
566 2619 716 2691 procedens
737 2638 818 2691 quam
837 2620 865 2672 in
885 2617 1013 2670 familiari
1034 2633 1089 2670 ser-

108 2711 205 2763 mone,
231 2694 258 2748 in
286 2697 424 2766 epistolis,
453 2698 479 2751 in
507 2697 693 2754 concionibus.
737 2697 780 2749 Ex
804 2711 858 2765 quo
885 2693 952 2747 illud
979 2709 1090 2763 quoque

108 2771 177 2824 mihi
203 2772 299 2826 videor
324 2773 438 2842 pulchre
462 2775 629 2844 perspicere,
661 2789 710 2827 eur
734 2789 813 2826 nemo
840 2778 962 2825 veterum
988 2787 1036 2824 eos
1063 2769 1089 2822 in

110 2847 293 2918 scriptoribus
313 2866 411 2918 prosae
431 2857 562 2916 numeret,
583 2851 629 2919 qui
649 2849 768 2903 nondum
787 2847 915 2917 portabili
930 2846 1043 2901 materia
1055 2845 1090 2899 ad

109 2923 284 2978 scribendum
305 2927 346 2978 usi
368 2933 453 2994 erant,
475 2927 514 2980 uti
532 2926 591 2996 ipse
612 2925 696 2980 Solon
717 2927 744 2979 in
764 2924 872 2994 legibus
896 2922 960 2976 suis.
1001 2923 1089 2976 Multo

108 3001 199 3054 minus
219 3001 247 3054 in
272 2999 345 3056 huno
371 3020 510 3056 numerum
535 3002 641 3056 admitti
668 3001 759 3072 potuit
778 2999 952 3070 Hipparchus
978 3006 1091 3068 propter

109 3077 210 3132 breves
230 3077 377 3133 sententias
400 3086 427 3133 et
447 3087 595 3149 praecepta
615 3096 729 3144 morum,
751 3094 821 3147 quae
841 3079 864 3130 is
886 3075 921 3132 70
941 3075 998 3130 fere
1012 3074 1089 3128 annis

109 3159 176 3223 post
205 3152 334 3207 Solonem
363 3155 480 3224 publicis
510 3155 690 3209 monumentis
721 3153 900 3224 insculpenda
931 3148 1090 3218 curavit⁸⁶).

107 3282 307 3296 ——-——

182 3351 216 3416 ss)
233 3350 294 3402 Noti
308 3345 482 3417 Ἲππάρχειοι
497 3343 601 3417 Ἑρμαῖ
622 3349 684 3399 olim
709 3348 811 3414 quidem
834 3364 849 3398 e
867 3344 992 3404 (leminis,
1007 3342 1092 3422 ¹bodie

110 3421 138 3470 in
161 3418 249 3485 primis
272 3436 303 3469 ex
324 3427 425 3468 auctore
443 3418 569 3468 Platonici
591 3417 658 3468 Dial.
683 3417 728 3484 qui
746 3415 914 3495 ¹Hipparchus
938 3410 1089 3462 inscrrbrtur.

110 3486 190 3538 Plura
207 3505 230 3539 v.
249 3489 277 3537 in
294 3487 388 3537 Meurs.
407 3488 459 3538 Att.
484 3487 562 3537 Leott.
588 3485 656 3547 V,7
680 3494 706 3536 et
722 3483 820 3534 Prsrstr.
841 3484 880 3536 12.
916 3479 1038 3561 Nelrero
1061 3495 1092 3531 ex

109 3555 151 3608 bis
170 3555 375 3622 inscriptionibus
401 3554 521 3621 colligas,
544 3571 574 3606 ee
599 3563 713 3620 tempore
737 3555 852 3620 quemuis
876 3550 984 3602 Athenis
1006 3548 1093 3616 legere
