2694 4116
668 339 856 391 ..32-

277 512 310 550 ex
330 512 394 565 quo,
416 497 519 550 etiarnsi
539 497 645 567 reliqua
665 498 755 551 omnia
770 497 940 566 tollerentur,
956 496 1153 567 inexplicabilis
1168 497 1253 552 dubi-

276 572 344 627 tatio
370 579 525 628 nasceretur
549 573 583 628 de
609 575 734 628 universa
758 573 845 628 forma
870 574 967 627 horum
993 572 1156 628 carminum.
1197 575 1253 628 Est
1332 591 1334 644 ι

277 664 309 702 ea
327 666 411 718 nunc,
432 650 529 720 inquit,
549 651 621 718 talis,
641 656 672 704 ut
690 667 741 704 nec
761 650 862 704 addere
889 651 1037 720 quidquam
1061 669 1112 705 nec
1138 651 1253 705 demere
1333 667 1334 702 3

276 726 357 780 salvis
382 728 489 798 legibus
515 727 665 798 elegantiae
689 728 778 782 liceat.
818 726 925 795 Audio,
947 735 974 781 et
1001 745 1034 781 ex
1062 734 1140 798 parte
1165 729 1252 798 plane
1333 757 1334 760 =

276 801 364 871 video,
379 804 485 874 illisque
506 800 715 859 διασκευασταῖς
734 804 823 859 babeo
835 801 967 874 gratiam.
1003 803 1042 858 Ar
1056 821 1146 859 nonne
1162 805 1250 858 omni·

274 878 326 933 bus
340 881 391 934 erit
410 880 590 948 manifestum,
606 897 653 934 sos
673 881 714 934 his
736 881 863 951 operibus
883 880 1084 935 conformandis
1105 882 1251 951 propriam

274 965 362 1010 artem
382 958 545 1024 adhibuisse,
567 975 649 1026 quum
670 957 882 1011 demonstratum
901 957 990 1023 suerit,
1011 957 1040 1012 in
1060 965 1178 1028 utroque
1191 975 1251 1010 non

273 1034 364 1101 modo,
386 1033 459 1103 quod
479 1042 542 1089 ante
562 1033 744 1102 ostendebam,
766 1033 914 1104 particulas
936 1034 1080 1103 quasdam,
1102 1035 1151 1087 sed
1172 1040 1250 1088 totas

273 1108 432 1179 rhapsodias
453 1111 550 1178 inesse,
571 1127 641 1180 quae
660 1111 772 1164 Homeri
792 1128 845 1165 non
866 1116 938 1178 sunt,
959 1111 986 1163 id
1008 1116 1050 1165 est
1070 1111 1138 1179 eius,
1159 1128 1176 1163 a
1189 1128 1249 1180 quo

272 1189 358 1240 maior
376 1203 440 1257 pars
461 1193 489 1240 et
507 1187 628 1256 priorum
647 1187 854 1256 rhapsodiarum
874 1187 957 1240 series
977 1187 1096 1241 deducta
1116 1185 1180 1241 est?

290 1307 292 1312 ,
350 1262 464 1317 Constat
483 1264 536 1316 iam
557 1264 619 1317 olim
641 1264 794 1319 dubitatum
824 1279 883 1317 esse
909 1263 945 1317 ab
966 1263 1153 1333 Aristophane
1175 1265 1246 1335 Byz.

272 1346 301 1392 et
320 1339 492 1408 Aristarcho,
511 1357 565 1394 non
585 1341 663 1394 nimis
688 1341 836 1395 audacibus
863 1340 890 1391 in
918 1339 971 1394 boc
997 1357 1096 1409 genere
1126 1339 1246 1408 Criticis,

272 1415 306 1469 de
319 1417 480 1482 auctoritate
494 1424 673 1490 extremorum
687 1416 827 1488 Odysseae
842 1415 905 1469 inde
920 1433 936 1469 a
956 1414 985 1478 φ.
998 1414 1057 1467 297.
1083 1416 1247 1486 Eademque

272 1492 406 1547 dubitatio
426 1493 525 1547 iniecta
545 1499 587 1546 est
607 1494 688 1548 etiam
708 1494 742 1548 de
755 1494 858 1547 Iliados
879 1485 954 1564 ill).
988 1494 1118 1550 Neutrius
1133 1494 1247 1563 quidem

272 1568 449 1622 dubitationis
475 1586 581 1623 causae
598 1570 627 1623 in
655 1578 778 1626 neutram
800 1578 905 1640 partem
939 1570 1030 1624 adbuc
1059 1587 1075 1623 a
1103 1587 1246 1640 quoquam

271 1645 421 1715 explicatae
442 1653 513 1713 sunt,
534 1646 641 1698 illorum
661 1654 754 1702 autem
773 1654 895 1701 veterum
922 1646 1119 1716 disputationes
1147 1664 1246 1717 parurn

270 1721 388 1776 fideliter
402 1721 481 1777 nobis
495 1722 627 1776 traditae:
642 1743 706 1778 nam
719 1742 765 1778 eos
780 1724 916 1777 historicis
930 1724 1080 1778 rationibus
1092 1730 1120 1777 et
1130 1724 1248 1794 antiqua

269 1799 343 1854 fama
367 1798 402 1852 ad
434 1799 644 1853 confirmandam
668 1819 725 1854 rem
749 1818 814 1854 usos
845 1817 904 1854 esse
933 1800 1156 1855 verisimillimum
1186 1808 1244 1854 est:

269 1883 360 1930 tamen
379 1875 481 1946 aliquid
502 1876 605 1930 dictum
625 1883 667 1931 est
687 1878 721 1931 ab
742 1877 783 1946 iis,
805 1878 853 1946 qui
873 1877 1056 1932 dubitationes
1081 1879 1244 1944 attulerunt,
1333 1877 1334 1880 ’

269 1953 338 2006 nibil
357 1953 392 2007 ab
412 1953 463 2021 his,
485 1955 532 2022 qui
554 1969 599 2008 eas
614 1955 748 2009 discutere
761 1955 901 2010 volebant.
935 1953 1043 2008 Etenim
1058 1953 1097 2006 illi
1111 1954 1244 2008 inusitata

269 2029 390 2083 Homero
411 2037 439 2083 et
458 2031 565 2098 iugenio
587 2032 643 2086 eius
663 2031 774 2102 indigna
792 2031 872 2101 plura
892 2048 920 2085 se
942 2032 969 2084 iu
983 2031 1025 2084 his
1040 2030 1148 2084 duobus
1164 2030 1243 2084 libris

270 2104 480 2175 deprehendisse
490 2107 667 2176 affirmabant,
678 2108 706 2161 hi
718 2111 761 2163 vel
772 2109 963 2176 antiquitatem
974 2124 1066 2161 eorum
1079 2114 1107 2160 et
1119 2107 1245 2176 pulchri·

269 2182 389 2236 tudinem
410 2182 563 2250 probabant
584 2184 693 2254 Virgilii
714 2191 741 2239 et
761 2185 916 2255 aequalium
937 2186 1101 2256 scriptorum
1124 2186 1244 2238 auctori-

269 2265 336 2326 tate,
358 2258 448 2327 (quasi
468 2276 522 2312 non
541 2259 622 2332 longe
643 2262 817 2331 antiquiores,
838 2262 918 2315 Plato
940 2269 967 2315 et
988 2260 1170 2328 Aristoteles,
1194 2278 1244 2314 eos

268 2351 319 2406 pro
329 2334 481 2389 Homericis
496 2336 659 2408 laudarent)
671 2341 714 2393 vel
728 2339 917 2393 necessitatem
929 2338 966 2393 ad
976 2339 1108 2391 iustorum
1122 2354 1237 2408 operum

268 2411 383 2466 formam
403 2417 430 2466 et
453 2429 604 2467 mensuram
623 2415 794 2485 implendam.
834 2415 916 2486 Quod
942 2421 1130 2484 argumentum
1157 2415 1241 2484 quale
1331 2459 1332 2478 ,

268 2488 313 2554 sit,
332 2487 412 2544 facile
431 2495 553 2558 apparet,
573 2492 712 2562 pudetque
739 2509 804 2560 nos,
830 2492 896 2547 illud
923 2492 1059 2546 refellere.
1099 2491 1141 2544 Eo
1170 2492 1242 2545 enirn
1331 2485 1332 2526 ³

267 2565 335 2620 nihil
355 2565 428 2618 aliud
450 2566 557 2635 docent,
578 2568 629 2622 nisi
650 2569 724 2639 quod
744 2571 796 2638 ipsi
815 2570 904 2638 parati
926 2575 1016 2622 essent
1036 2567 1105 2622 haec
1121 2567 1242 2637 comple·

268 2650 359 2696 menta
378 2641 487 2710 addere,
507 2643 531 2696 si
543 2644 660 2698 nondum
675 2652 825 2702 exstarent:
845 2647 897 2700 etsi
912 2645 945 2700 de
958 2645 1046 2699 Iliade
1061 2661 1115 2698 non
1129 2644 1241 2698 demon·

268 2725 355 2773 strant
379 2735 412 2772 ex
438 2720 539 2788 regulis
564 2721 635 2787 suis,
666 2739 714 2776 eur
744 2740 777 2778 ea
805 2723 976 2793 potissimum
1006 2722 1032 2774 in
1064 2721 1244 2775 tumultuaria

269 2795 448 2864 descriptione
468 2795 598 2852 Hectorei
617 2799 718 2854 lunaris
739 2802 906 2854 terminetur.
945 2798 1016 2855 Nam
1043 2797 1076 2852 de
1104 2796 1241 2868 Odyssea,

273 2944 468 2960 Μ

337 3017 358 3076 ¹)
376 3012 419 3065 De
437 3013 552 3080 Odyssea
569 3013 627 3064 vide
646 3013 729 3064 Schol.
747 3013 780 3062 ad
797 3031 819 3063 v.
840 3029 861 3063 c.
878 3020 904 3064 et
922 3010 1038 3062 Elustatb⁴
1058 3028 1083 3076 p.
1104 3011 1178 3065 1948.
1197 3013 1239 3066 47.
1329 3021 1330 3028 ’

267 3085 411 3150 ibidemque
429 3081 534 3143 Olarlrii,
552 3084 675 3133 Daceriae
693 3090 717 3131 et
734 3081 809 3148 Popii
825 3079 903 3140 Nora,
928 3080 972 3130 ubi
989 3079 1155 3130 Aristarchea
1178 3096 1238 3130 aen-

266 3153 347 3204 tentia
364 3159 390 3202 et
407 3151 465 3201 nori
483 3153 609 3202 adiutores
627 3151 681 3200 eius
700 3150 861 3209 refelluntur,
880 3147 1045 3200 casaubonus
1070 3157 1095 3198 et
1112 3145 1239 3211 Rapinmr

268 3222 300 3272 de
318 3220 400 3271 Iliade
418 3217 494 3270 lensii
512 3219 585 3272 Obss.
610 3219 642 3269 de
662 3219 720 3270 stilo
739 3219 814 3269 Hom.
835 3235 864 3282 p.
883 3219 942 3272 290.
959 3224 985 3266 et
1008 3217 1106 3266 Dauos.
1131 3215 1237 3266 Miscell.

267 3291 321 3342 crit.
340 3307 365 3356 p.
386 3287 442 3342 152.
458 3305 512 3354 sqq.
531 3296 668 3354 contraque
686 3287 732 3338 hos
751 3284 811 3337 Era.
830 3286 862 3336 ad
880 3303 910 3336 ω.
931 3289 953 3339 l.
971 3285 1124 3350 Quanquam
1141 3283 1237 3333 Daue·

268 3359 320 3409 sius
338 3349 613 3422 minorarentur?
630 3364 707 3407 totam
730 3354 769 3407 rel
791 3370 909 3420 maguam
932 3355 988 3404 eius
1010 3361 1107 3417 partem
1126 3353 1237 3401 Homero

266 3426 393 3493 indignam
412 3425 575 3476 iudicaverat.
610 3425 640 3475 In
663 3425 780 3492 Odyssea
802 3431 931 3488 praeterea
953 3422 1024 3473 codd.
1049 3419 1146 3487 aliquot
1169 3420 1235 3470 indi-

266 3494 332 3545 cium
349 3493 443 3545 habent
460 3494 530 3544 illius
548 3493 707 3558 suspicionis,
727 3502 754 3544 ut
771 3491 920 3542 Olarkianas
937 3508 953 3541 a
971 3490 1016 3542 Th.
1030 3487 1145 3540 Bentleio
1157 3489 1236 3540 oolla·
1255 3557 1258 3564 ¹

266 3569 316 3622 tas,
335 3571 362 3614 et
379 3562 428 3613 duo
445 3561 571 3615 Vindobb·
589 3560 619 3612 V.
640 3571 665 3615 ct
682 3559 823 3614 cxxxlu.
