<?xml version="1.0" encoding="UTF-8"?>
<!DOCTYPE html PUBLIC "-//W3C//DTD XHTML 1.0 Transitional//EN"
    "http://www.w3.org/TR/xhtml1/DTD/xhtml1-transitional.dtd">
<html xmlns="http://www.w3.org/1999/xhtml" xml:lang="en" lang="en">
 <head>
  <title>
</title>
<meta http-equiv="Content-Type" content="text/html;charset=utf-8" />
  <meta name='ocr-system' content='tesseract 3.04.00' />
  <meta name='ocr-capabilities' content='ocr_page ocr_carea ocr_par ocr_line ocrx_word'/>
</head>
<body>
  <div class='ocr_page' id='page_1' title='image "./prolegomenaadho03wolfgoog_0072.png"; bbox 0 0 2702 4124; ppageno 0'>
   <div class='ocr_carea' id='block_1_1' title="bbox 486 341 680 426">
    <p class='ocr_par' dir='ltr' id='par_1_1' title="bbox 486 341 680 426">
     <span class='ocr_line' id='line_1_1' title="bbox 486 341 680 426; baseline -0.01 -31"><span class='ocrx_word' id='word_1_1' title='bbox 486 341 680 426; x_wconf 63' lang='lat'>,&#39;&#39;⁶3-</span> 
     </span>
    </p>
   </div>
   <div class='ocr_carea' id='block_1_2' title="bbox 66 493 1082 1950">
    <p class='ocr_par' dir='ltr' id='par_1_2' title="bbox 66 493 1082 1950">
     <span class='ocr_line' id='line_1_2' title="bbox 98 493 1074 568; baseline -0.007 -15"><span class='ocrx_word' id='word_1_2' title='bbox 98 495 313 561; x_wconf 69' lang='grc' dir='ltr'><em>μανθάνειν,</em></span> <span class='ocrx_word' id='word_1_3' title='bbox 336 499 435 553; x_wconf 69' lang='lat' dir='ltr'><strong>discere</strong></span> <span class='ocrx_word' id='word_1_4' title='bbox 449 504 556 568; x_wconf 79' lang='lat' dir='ltr'><strong>par-tea:</strong></span> <span class='ocrx_word' id='word_1_5' title='bbox 579 499 643 552; x_wconf 92' lang='lat' dir='ltr'><strong>hinc</strong></span> <span class='ocrx_word' id='word_1_6' title='bbox 660 494 830 561; x_wconf 65' lang='lat' dir='ltr'><strong>diductior,</strong></span> <span class='ocrx_word' id='word_1_7' title='bbox 859 493 1074 558; x_wconf 78' lang='grc' dir='ltr'>ὑποδιδᾰσκαλοι,</span> 
     </span>
     <span class='ocr_line' id='line_1_3' title="bbox 98 570 1075 646; baseline -0.005 -22"><span class='ocrx_word' id='word_1_8' title='bbox 98 571 332 638; x_wconf 75' lang='grc' dir='ltr'>ἀντιδιδάσκαλοι,</span> <span class='ocrx_word' id='word_1_9' title='bbox 355 570 667 638; x_wconf 71' lang='grc' dir='ltr'>διθυραμβοδιδάσκαλοι</span> <span class='ocrx_word' id='word_1_10' title='bbox 694 582 721 632; x_wconf 79' lang='lat' dir='ltr'><strong>et</strong></span> <span class='ocrx_word' id='word_1_11' title='bbox 750 576 806 631; x_wconf 72' lang='lat' dir='ltr'><strong>alia</strong></span> <span class='ocrx_word' id='word_1_12' title='bbox 835 574 1075 646; x_wconf 69' lang='lat' dir='ltr'><strong>huiuscemodilt).</strong></span> 
     </span>
     <span class='ocr_line' id='line_1_4' title="bbox 99 652 1077 723; baseline -0.004 -13"><span class='ocrx_word' id='word_1_13' title='bbox 99 655 247 722; x_wconf 85' lang='lat' dir='ltr'><strong>Nimirum,</strong></span> <span class='ocrx_word' id='word_1_14' title='bbox 267 661 299 708; x_wconf 88' lang='lat' dir='ltr'><strong>nt</strong></span> <span class='ocrx_word' id='word_1_15' title='bbox 319 652 522 718; x_wconf 86' lang='lat' dir='ltr'><strong>chironomiam‚</strong></span> <span class='ocrx_word' id='word_1_16' title='bbox 543 659 575 706; x_wconf 91' lang='lat' dir='ltr'><strong>ut</strong></span> <span class='ocrx_word' id='word_1_17' title='bbox 594 653 715 723; x_wconf 90' lang='lat' dir='ltr'><strong>reliquos</strong></span> <span class='ocrx_word' id='word_1_18' title='bbox 735 659 824 706; x_wconf 87' lang='lat' dir='ltr'><strong>motus</strong></span> <span class='ocrx_word' id='word_1_19' title='bbox 839 653 970 722; x_wconf 87' lang='lat' dir='ltr'><strong>corporis,</strong></span> <span class='ocrx_word' id='word_1_20' title='bbox 990 658 1021 707; x_wconf 93' lang='lat' dir='ltr'><strong>ut</strong></span> <span class='ocrx_word' id='word_1_21' title='bbox 1034 659 1077 706; x_wconf 92' lang='lat' dir='ltr'><strong>to-</strong></span> 
     </span>
     <span class='ocr_line' id='line_1_5' title="bbox 99 729 1075 799; baseline -0.004 -13"><span class='ocrx_word' id='word_1_22' title='bbox 99 738 160 786; x_wconf 81' lang='lat' dir='ltr'><strong>tam</strong></span> <span class='ocrx_word' id='word_1_23' title='bbox 180 731 354 785; x_wconf 74' lang='lat' dir='ltr'><strong>saltationem</strong></span> <span class='ocrx_word' id='word_1_24' title='bbox 374 736 482 785; x_wconf 88' lang='lat' dir='ltr'><strong>actores</strong></span> <span class='ocrx_word' id='word_1_25' title='bbox 503 729 643 784; x_wconf 81' lang='lat' dir='ltr'>discebant</span> <span class='ocrx_word' id='word_1_26' title='bbox 657 729 790 799; x_wconf 87' lang='lat' dir='ltr'><strong>adspectu</strong></span> <span class='ocrx_word' id='word_1_27' title='bbox 803 729 1075 799; x_wconf 76' lang='lat' dir='ltr'><strong>praemonstrantium</strong></span> 
     </span>
     <span class='ocr_line' id='line_1_6' title="bbox 99 805 1076 879; baseline -0.002 -18"><span class='ocrx_word' id='word_1_28' title='bbox 99 808 305 879; x_wconf 86' lang='lat' dir='ltr'><strong>magistrorum,</strong></span> <span class='ocrx_word' id='word_1_29' title='bbox 315 807 355 862; x_wconf 91' lang='lat' dir='ltr'><strong>ita</strong></span> <span class='ocrx_word' id='word_1_30' title='bbox 369 807 450 862; x_wconf 87' lang='lat' dir='ltr'><strong>etiam</strong></span> <span class='ocrx_word' id='word_1_31' title='bbox 461 806 554 874; x_wconf 86' lang='lat' dir='ltr'><strong>verba,</strong></span> <span class='ocrx_word' id='word_1_32' title='bbox 569 807 740 875; x_wconf 79' lang='lat' dir='ltr'><strong>praecinente</strong></span> <span class='ocrx_word' id='word_1_33' title='bbox 751 806 810 876; x_wconf 89' lang='lat' dir='ltr'><strong>ipso</strong></span> <span class='ocrx_word' id='word_1_34' title='bbox 825 809 915 875; x_wconf 80' lang='lat' dir='ltr'><strong>polita,</strong></span> <span class='ocrx_word' id='word_1_35' title='bbox 930 805 1076 874; x_wconf 89' lang='lat' dir='ltr'><strong>auditione,</strong></span> 
     </span>
     <span class='ocr_line' id='line_1_7' title="bbox 100 881 1077 953; baseline -0.004 -13"><span class='ocrx_word' id='word_1_36' title='bbox 100 903 167 952; x_wconf 89' lang='lat' dir='ltr'><strong>non,</strong></span> <span class='ocrx_word' id='word_1_37' title='bbox 189 884 259 938; x_wconf 85' lang='lat' dir='ltr'><strong>sicut</strong></span> <span class='ocrx_word' id='word_1_38' title='bbox 277 883 370 951; x_wconf 86' lang='lat' dir='ltr'><strong>hodie,</strong></span> <span class='ocrx_word' id='word_1_39' title='bbox 393 899 408 936; x_wconf 95' lang='lat' dir='ltr'><strong>e</strong></span> <span class='ocrx_word' id='word_1_40' title='bbox 429 882 528 936; x_wconf 81' lang='lat' dir='ltr'><strong>libellis</strong></span> <span class='ocrx_word' id='word_1_41' title='bbox 547 883 722 953; x_wconf 78' lang='lat' dir='ltr'><strong>arripiebant.</strong></span> <span class='ocrx_word' id='word_1_42' title='bbox 754 883 852 952; x_wconf 86' lang='lat' dir='ltr'><strong>Itaque</strong></span> <span class='ocrx_word' id='word_1_43' title='bbox 877 881 930 935; x_wconf 91' lang='lat' dir='ltr'><strong>boc</strong></span> <span class='ocrx_word' id='word_1_44' title='bbox 950 882 1077 936; x_wconf 87' lang='lat' dir='ltr'><strong>instituto</strong></span> 
     </span>
     <span class='ocr_line' id='line_1_8' title="bbox 66 958 1077 1030; baseline -0.005 -14"><span class='ocrx_word' id='word_1_45' title='bbox 66 1017 70 1022; x_wconf 84' lang='grc'><strong>,</strong></span> <span class='ocrx_word' id='word_1_46' title='bbox 101 962 147 1016; x_wconf 87' lang='lat' dir='ltr'><strong>usi</strong></span> <span class='ocrx_word' id='word_1_47' title='bbox 166 960 295 1015; x_wconf 87' lang='lat' dir='ltr'><strong>videntur</strong></span> <span class='ocrx_word' id='word_1_48' title='bbox 315 959 460 1030; x_wconf 88' lang='lat' dir='ltr'><strong>rhapsodi,</strong></span> <span class='ocrx_word' id='word_1_49' title='bbox 487 965 518 1013; x_wconf 93' lang='lat' dir='ltr'><strong>ut</strong></span> <span class='ocrx_word' id='word_1_50' title='bbox 541 961 611 1015; x_wconf 91' lang='lat' dir='ltr'><strong>alter</strong></span> <span class='ocrx_word' id='word_1_51' title='bbox 630 959 741 1013; x_wconf 86' lang='lat' dir='ltr'><strong>alterum</strong></span> <span class='ocrx_word' id='word_1_52' title='bbox 763 958 873 1014; x_wconf 86' lang='lat' dir='ltr'><strong>doceret</strong></span> <span class='ocrx_word' id='word_1_53' title='bbox 894 975 994 1025; x_wconf 90' lang='lat' dir='ltr'><strong>coram,</strong></span> <span class='ocrx_word' id='word_1_54' title='bbox 1015 975 1077 1011; x_wconf 84' lang='lat' dir='ltr'><strong>mox</strong></span> 
     </span>
     <span class='ocr_line' id='line_1_9' title="bbox 103 1035 1077 1106; baseline -0.005 -13"><span class='ocrx_word' id='word_1_55' title='bbox 103 1037 264 1093; x_wconf 82' lang='lat' dir='ltr'><strong>exercitatio</strong></span> <span class='ocrx_word' id='word_1_56' title='bbox 285 1043 312 1092; x_wconf 89' lang='lat' dir='ltr'><strong>et</strong></span> <span class='ocrx_word' id='word_1_57' title='bbox 331 1037 459 1106; x_wconf 81' lang='lat' dir='ltr'><strong>frequens</strong></span> <span class='ocrx_word' id='word_1_58' title='bbox 480 1036 603 1092; x_wconf 81' lang='lat' dir='ltr'><strong>recitatio</strong></span> <span class='ocrx_word' id='word_1_59' title='bbox 624 1043 710 1092; x_wconf 90' lang='lat' dir='ltr'><strong>artem</strong></span> <span class='ocrx_word' id='word_1_60' title='bbox 736 1042 852 1106; x_wconf 85' lang='lat' dir='ltr'><strong>pararet.</strong></span> <span class='ocrx_word' id='word_1_61' title='bbox 890 1035 987 1104; x_wconf 91' lang='lat' dir='ltr'><strong>Neque</strong></span> <span class='ocrx_word' id='word_1_62' title='bbox 1013 1051 1077 1088; x_wconf 84' lang='lat' dir='ltr'><strong>sane</strong></span> 
     </span>
     <span class='ocr_line' id='line_1_10' title="bbox 104 1111 1079 1184; baseline -0.005 -15"><span class='ocrx_word' id='word_1_63' title='bbox 104 1121 163 1183; x_wconf 89' lang='lat' dir='ltr'><strong>est,</strong></span> <span class='ocrx_word' id='word_1_64' title='bbox 191 1114 264 1184; x_wconf 88' lang='lat' dir='ltr'><strong>qnod</strong></span> <span class='ocrx_word' id='word_1_65' title='bbox 290 1113 361 1167; x_wconf 89' lang='lat' dir='ltr'><strong>hanc</strong></span> <span class='ocrx_word' id='word_1_66' title='bbox 380 1111 512 1166; x_wconf 88' lang='lat' dir='ltr'><strong>rationem</strong></span> <span class='ocrx_word' id='word_1_67' title='bbox 537 1112 733 1167; x_wconf 87' lang='lat' dir='ltr'><strong>incommodam</strong></span> <span class='ocrx_word' id='word_1_68' title='bbox 756 1113 801 1167; x_wconf 87' lang='lat' dir='ltr'><strong>vel</strong></span> <span class='ocrx_word' id='word_1_69' title='bbox 826 1112 970 1166; x_wconf 82' lang='lat' dir='ltr'><strong>memoriae</strong></span> <span class='ocrx_word' id='word_1_70' title='bbox 996 1111 1079 1165; x_wconf 92' lang='lat' dir='ltr'><strong>mole-</strong></span> 
     </span>
     <span class='ocr_line' id='line_1_11' title="bbox 103 1186 1078 1260; baseline -0.005 -15"><span class='ocrx_word' id='word_1_71' title='bbox 103 1193 217 1246; x_wconf 91' lang='lat' dir='ltr'><strong>stiorem</strong></span> <span class='ocrx_word' id='word_1_72' title='bbox 231 1196 357 1260; x_wconf 91' lang='lat' dir='ltr'><strong>putemus</strong></span> <span class='ocrx_word' id='word_1_73' title='bbox 370 1188 422 1244; x_wconf 86' lang='lat' dir='ltr'><strong>hae</strong></span> <span class='ocrx_word' id='word_1_74' title='bbox 442 1195 548 1244; x_wconf 87' lang='lat' dir='ltr'><strong>nostra:</strong></span> <span class='ocrx_word' id='word_1_75' title='bbox 570 1197 642 1244; x_wconf 91' lang='lat' dir='ltr'><strong>certe</strong></span> <span class='ocrx_word' id='word_1_76' title='bbox 662 1189 690 1243; x_wconf 92' lang='lat' dir='ltr'><strong>id</strong></span> <span class='ocrx_word' id='word_1_77' title='bbox 711 1191 826 1259; x_wconf 89' lang='lat' dir='ltr'><strong>quisquc</strong></span> <span class='ocrx_word' id='word_1_78' title='bbox 845 1188 924 1243; x_wconf 91' lang='lat' dir='ltr'><strong>nobis</strong></span> <span class='ocrx_word' id='word_1_79' title='bbox 938 1186 1078 1254; x_wconf 87' lang='lat' dir='ltr'><strong>concedet,</strong></span> 
     </span>
     <span class='ocr_line' id='line_1_12' title="bbox 104 1264 1079 1337; baseline -0.004 -14"><span class='ocrx_word' id='word_1_80' title='bbox 104 1285 165 1323; x_wconf 92' lang='lat' dir='ltr'><strong>eam</strong></span> <span class='ocrx_word' id='word_1_81' title='bbox 187 1285 241 1321; x_wconf 90' lang='lat' dir='ltr'><strong>non</strong></span> <span class='ocrx_word' id='word_1_82' title='bbox 260 1267 383 1337; x_wconf 89' lang='lat' dir='ltr'><strong>potuisse</strong></span> <span class='ocrx_word' id='word_1_83' title='bbox 403 1283 457 1318; x_wconf 93' lang='lat' dir='ltr'><strong>non</strong></span> <span class='ocrx_word' id='word_1_84' title='bbox 482 1267 568 1321; x_wconf 92' lang='lat' dir='ltr'><strong>multo</strong></span> <span class='ocrx_word' id='word_1_85' title='bbox 595 1266 777 1322; x_wconf 87' lang='lat' dir='ltr'><strong>efficaciorem</strong></span> <span class='ocrx_word' id='word_1_86' title='bbox 802 1283 860 1320; x_wconf 88' lang='lat' dir='ltr'><strong>esso</strong></span> <span class='ocrx_word' id='word_1_87' title='bbox 888 1264 922 1319; x_wconf 91' lang='lat' dir='ltr'><strong>ad</strong></span> <span class='ocrx_word' id='word_1_88' title='bbox 950 1265 1079 1334; x_wconf 87' lang='lat' dir='ltr'><strong>optimam</strong></span> 
     </span>
     <span class='ocr_line' id='line_1_13' title="bbox 104 1341 1080 1416; baseline -0.005 -18"><span class='ocrx_word' id='word_1_89' title='bbox 104 1344 359 1416; x_wconf 82' lang='lat' dir='ltr'><strong>pronunciationem</strong></span> <span class='ocrx_word' id='word_1_90' title='bbox 392 1349 475 1412; x_wconf 87' lang='lat' dir='ltr'><strong>atque</strong></span> <span class='ocrx_word' id='word_1_91' title='bbox 506 1344 651 1398; x_wconf 87' lang='lat' dir='ltr'><strong>vorborum</strong></span> <span class='ocrx_word' id='word_1_92' title='bbox 681 1343 927 1412; x_wconf 85' lang='lat' dir='ltr'><strong>sententiarumque</strong></span> <span class='ocrx_word' id='word_1_93' title='bbox 963 1341 1080 1395; x_wconf 92' lang='lat' dir='ltr'><strong>omnium</strong></span> 
     </span>
     <span class='ocr_line' id='line_1_14' title="bbox 104 1418 1080 1490; baseline -0.005 -15"><span class='ocrx_word' id='word_1_94' title='bbox 104 1438 201 1476; x_wconf 82' lang='lat' dir='ltr'><strong>veram</strong></span> <span class='ocrx_word' id='word_1_95' title='bbox 220 1421 275 1474; x_wconf 86' lang='lat' dir='ltr'><strong>vim</strong></span> <span class='ocrx_word' id='word_1_96' title='bbox 295 1426 323 1474; x_wconf 91' lang='lat' dir='ltr'><strong>et</strong></span> <span class='ocrx_word' id='word_1_97' title='bbox 343 1436 437 1473; x_wconf 87' lang='lat' dir='ltr'><strong>sonum</strong></span> <span class='ocrx_word' id='word_1_98' title='bbox 458 1420 666 1490; x_wconf 88' lang='lat' dir='ltr'><strong>assequendum.</strong></span> <span class='ocrx_word' id='word_1_99' title='bbox 695 1421 758 1474; x_wconf 85' lang='lat' dir='ltr'><strong>Huc</strong></span> <span class='ocrx_word' id='word_1_100' title='bbox 777 1419 891 1485; x_wconf 83' lang='lat' dir='ltr'><strong>aceedit,</strong></span> <span class='ocrx_word' id='word_1_101' title='bbox 912 1418 985 1490; x_wconf 92' lang='lat' dir='ltr'><strong>qnod</strong></span> <span class='ocrx_word' id='word_1_102' title='bbox 1005 1434 1080 1472; x_wconf 88' lang='lat' dir='ltr'><strong>acer-</strong></span> 
     </span>
     <span class='ocr_line' id='line_1_15' title="bbox 105 1494 1080 1553; baseline -0.006 0"><span class='ocrx_word' id='word_1_103' title='bbox 105 1499 175 1553; x_wconf 87' lang='lat' dir='ltr'><strong>rima</strong></span> <span class='ocrx_word' id='word_1_104' title='bbox 195 1498 287 1551; x_wconf 89' lang='lat' dir='ltr'><strong>studia</strong></span> <span class='ocrx_word' id='word_1_105' title='bbox 307 1497 460 1551; x_wconf 89' lang='lat' dir='ltr'><strong>auditorum</strong></span> <span class='ocrx_word' id='word_1_106' title='bbox 481 1513 542 1551; x_wconf 91' lang='lat' dir='ltr'><strong>cum</strong></span> <span class='ocrx_word' id='word_1_107' title='bbox 562 1514 665 1551; x_wconf 86' lang='lat' dir='ltr'><strong>summo</strong></span> <span class='ocrx_word' id='word_1_108' title='bbox 691 1513 783 1552; x_wconf 89' lang='lat' dir='ltr'><strong>amore</strong></span> <span class='ocrx_word' id='word_1_109' title='bbox 808 1496 970 1550; x_wconf 84' lang='lat' dir='ltr'><strong>domesticae</strong></span> <span class='ocrx_word' id='word_1_110' title='bbox 996 1494 1080 1548; x_wconf 87' lang='lat' dir='ltr'><strong>histo-</strong></span> 
     </span>
     <span class='ocr_line' id='line_1_16' title="bbox 106 1572 1082 1645; baseline -0.006 -15"><span class='ocrx_word' id='word_1_111' title='bbox 106 1576 164 1630; x_wconf 89' lang='lat' dir='ltr'><strong>riae</strong></span> <span class='ocrx_word' id='word_1_112' title='bbox 184 1575 211 1628; x_wconf 93' lang='lat' dir='ltr'><strong>in</strong></span> <span class='ocrx_word' id='word_1_113' title='bbox 232 1574 349 1645; x_wconf 91' lang='lat' dir='ltr'><strong>antiquis</strong></span> <span class='ocrx_word' id='word_1_114' title='bbox 371 1578 463 1630; x_wconf 78' lang='grc' dir='ltr'>ἔπεσιν</span> <span class='ocrx_word' id='word_1_115' title='bbox 483 1573 556 1627; x_wconf 90' lang='lat' dir='ltr'><strong>haud</strong></span> <span class='ocrx_word' id='word_1_116' title='bbox 581 1574 662 1628; x_wconf 92' lang='lat' dir='ltr'><strong>dubie</strong></span> <span class='ocrx_word' id='word_1_117' title='bbox 688 1591 799 1643; x_wconf 88' lang='lat' dir='ltr'><strong>operam</strong></span> <span class='ocrx_word' id='word_1_118' title='bbox 818 1574 897 1626; x_wconf 86' lang='lat' dir='ltr'><strong>istam</strong></span> <span class='ocrx_word' id='word_1_119' title='bbox 921 1572 1029 1625; x_wconf 82' lang='lat' dir='ltr'><strong>facilem</strong></span> <span class='ocrx_word' id='word_1_120' title='bbox 1054 1575 1082 1624; x_wconf 91' lang='lat' dir='ltr'><strong>et</strong></span> 
     </span>
     <span class='ocr_line' id='line_1_17' title="bbox 106 1647 1081 1719; baseline -0.005 -14"><span class='ocrx_word' id='word_1_121' title='bbox 106 1649 255 1706; x_wconf 88' lang='lat' dir='ltr'><strong>iucundam</strong></span> <span class='ocrx_word' id='word_1_122' title='bbox 275 1650 437 1704; x_wconf 87' lang='lat' dir='ltr'><strong>efficiebant.</strong></span> <span class='ocrx_word' id='word_1_123' title='bbox 472 1650 550 1719; x_wconf 82' lang='lat' dir='ltr'><strong>Quae</strong></span> <span class='ocrx_word' id='word_1_124' title='bbox 566 1651 668 1718; x_wconf 80' lang='lat' dir='ltr'><strong>omnia,</strong></span> <span class='ocrx_word' id='word_1_125' title='bbox 689 1668 721 1705; x_wconf 85' lang='lat' dir='ltr'><strong>ex</strong></span> <span class='ocrx_word' id='word_1_126' title='bbox 741 1651 848 1704; x_wconf 89' lang='lat' dir='ltr'><strong>illorum</strong></span> <span class='ocrx_word' id='word_1_127' title='bbox 869 1655 1022 1718; x_wconf 89' lang='lat' dir='ltr'><strong>temporum</strong></span> <span class='ocrx_word' id='word_1_128' title='bbox 1041 1647 1081 1700; x_wconf 89' lang='lat' dir='ltr'><strong>iu·</strong></span> 
     </span>
     <span class='ocr_line' id='line_1_18' title="bbox 107 1723 1079 1798; baseline -0.005 -15"><span class='ocrx_word' id='word_1_129' title='bbox 107 1727 196 1798; x_wconf 88' lang='lat' dir='ltr'><strong>geniis</strong></span> <span class='ocrx_word' id='word_1_130' title='bbox 217 1744 250 1781; x_wconf 85' lang='lat' dir='ltr'><strong>ac</strong></span> <span class='ocrx_word' id='word_1_131' title='bbox 268 1728 389 1781; x_wconf 86' lang='lat' dir='ltr'><strong>moribus</strong></span> <span class='ocrx_word' id='word_1_132' title='bbox 416 1726 585 1795; x_wconf 87' lang='lat' dir='ltr'><strong>existimata,</strong></span> <span class='ocrx_word' id='word_1_133' title='bbox 603 1727 693 1782; x_wconf 89' lang='lat' dir='ltr'><strong>locum</strong></span> <span class='ocrx_word' id='word_1_134' title='bbox 712 1744 767 1781; x_wconf 90' lang='lat' dir='ltr'><strong>non</strong></span> <span class='ocrx_word' id='word_1_135' title='bbox 792 1725 947 1795; x_wconf 89' lang='lat' dir='ltr'><strong>relinquunt</strong></span> <span class='ocrx_word' id='word_1_136' title='bbox 972 1723 1079 1778; x_wconf 88' lang='lat' dir='ltr'><strong>dubita·</strong></span> 
     </span>
     <span class='ocr_line' id='line_1_19' title="bbox 107 1800 1080 1874; baseline -0.003 -16"><span class='ocrx_word' id='word_1_137' title='bbox 107 1804 191 1873; x_wconf 83' lang='lat' dir='ltr'><strong>tioni,</strong></span> <span class='ocrx_word' id='word_1_138' title='bbox 213 1804 260 1874; x_wconf 93' lang='lat' dir='ltr'><strong>qui</strong></span> <span class='ocrx_word' id='word_1_139' title='bbox 285 1804 344 1857; x_wconf 88' lang='lat' dir='ltr'><strong>fieri</strong></span> <span class='ocrx_word' id='word_1_140' title='bbox 369 1803 487 1874; x_wconf 90' lang='lat' dir='ltr'><strong>potuerit</strong></span> <span class='ocrx_word' id='word_1_141' title='bbox 511 1803 593 1873; x_wconf 85' lang='lat' dir='ltr'><strong>illud,</strong></span> <span class='ocrx_word' id='word_1_142' title='bbox 621 1804 695 1874; x_wconf 93' lang='lat' dir='ltr'><strong>quod</strong></span> <span class='ocrx_word' id='word_1_143' title='bbox 720 1804 823 1857; x_wconf 81' lang='lat' dir='ltr'><strong>factum</strong></span> <span class='ocrx_word' id='word_1_144' title='bbox 850 1819 909 1857; x_wconf 89' lang='lat' dir='ltr'><strong>esse</strong></span> <span class='ocrx_word' id='word_1_145' title='bbox 934 1800 1080 1855; x_wconf 81' lang='lat' dir='ltr'><strong>historicae</strong></span> 
     </span>
     <span class='ocr_line' id='line_1_20' title="bbox 108 1879 428 1950; baseline 0 -16"><span class='ocrx_word' id='word_1_146' title='bbox 108 1881 228 1936; x_wconf 88' lang='lat' dir='ltr'><strong>rationes</strong></span> <span class='ocrx_word' id='word_1_147' title='bbox 248 1879 428 1950; x_wconf 84' lang='lat' dir='ltr'><strong>pervicerunt.</strong></span> 
     </span>
    </p>
   </div>
   <div class='ocr_carea' id='block_1_3' title="bbox 503 2081 658 2156">
    <p class='ocr_par' dir='ltr' id='par_1_3' title="bbox 503 2081 658 2156">
     <span class='ocr_line' id='line_1_21' title="bbox 503 2081 658 2156; baseline 0 0"><span class='ocrx_word' id='word_1_148' title='bbox 503 2125 508 2129; x_wconf 95' lang='lat'>·</span> <span class='ocrx_word' id='word_1_149' title='bbox 534 2081 658 2156; x_wconf 89' lang='lat' dir='ltr'>XXV.</span> 
     </span>
    </p>
   </div>
   <div class='ocr_carea' id='block_1_4' title="bbox 111 2253 1087 2636">
    <p class='ocr_par' dir='ltr' id='par_1_4' title="bbox 111 2253 1087 2636">
     <span class='ocr_line' id='line_1_22' title="bbox 189 2253 1084 2328; baseline -0.006 -16"><span class='ocrx_word' id='word_1_150' title='bbox 189 2257 268 2312; x_wconf 88' lang='lat' dir='ltr'><strong>Haec</strong></span> <span class='ocrx_word' id='word_1_151' title='bbox 295 2264 386 2312; x_wconf 88' lang='lat' dir='ltr'><strong>autem</strong></span> <span class='ocrx_word' id='word_1_152' title='bbox 413 2257 548 2328; x_wconf 89' lang='lat' dir='ltr'><strong>reputanti</strong></span> <span class='ocrx_word' id='word_1_153' title='bbox 569 2259 634 2312; x_wconf 94' lang='lat' dir='ltr'><strong>mihi</strong></span> <span class='ocrx_word' id='word_1_154' title='bbox 654 2257 827 2312; x_wconf 89' lang='lat' dir='ltr'><strong>vehementer</strong></span> <span class='ocrx_word' id='word_1_155' title='bbox 847 2272 937 2310; x_wconf 88' lang='lat' dir='ltr'><strong>errare</strong></span> <span class='ocrx_word' id='word_1_156' title='bbox 957 2253 1084 2309; x_wconf 82' lang='lat' dir='ltr'><strong>videntur</strong></span> 
     </span>
     <span class='ocr_line' id='line_1_23' title="bbox 111 2331 1084 2404; baseline -0.005 -16"><span class='ocrx_word' id='word_1_157' title='bbox 111 2335 139 2403; x_wconf 89' lang='lat' dir='ltr'><strong>ii,</strong></span> <span class='ocrx_word' id='word_1_158' title='bbox 168 2335 216 2404; x_wconf 86' lang='lat' dir='ltr'><strong>qui</strong></span> <span class='ocrx_word' id='word_1_159' title='bbox 241 2340 338 2404; x_wconf 89' lang='lat' dir='ltr'><strong>putant</strong></span> <span class='ocrx_word' id='word_1_160' title='bbox 362 2335 459 2389; x_wconf 89' lang='lat' dir='ltr'><strong>litteris</strong></span> <span class='ocrx_word' id='word_1_161' title='bbox 479 2351 533 2388; x_wconf 93' lang='lat' dir='ltr'><strong>non</strong></span> <span class='ocrx_word' id='word_1_162' title='bbox 553 2353 631 2388; x_wconf 90' lang='lat' dir='ltr'><strong>usum</strong></span> <span class='ocrx_word' id='word_1_163' title='bbox 650 2335 798 2389; x_wconf 90' lang='lat' dir='ltr'><strong>Homerum</strong></span> <span class='ocrx_word' id='word_1_164' title='bbox 819 2333 909 2388; x_wconf 90' lang='lat' dir='ltr'><strong>statim</strong></span> <span class='ocrx_word' id='word_1_165' title='bbox 929 2338 1016 2386; x_wconf 91' lang='lat' dir='ltr'><strong>totum</strong></span> <span class='ocrx_word' id='word_1_166' title='bbox 1036 2331 1084 2385; x_wconf 90' lang='lat' dir='ltr'><strong>im·</strong></span> 
     </span>
     <span class='ocr_line' id='line_1_24' title="bbox 113 2407 1085 2467; baseline -0.003 -3"><span class='ocrx_word' id='word_1_167' title='bbox 113 2411 214 2465; x_wconf 88' lang='lat' dir='ltr'><strong>mutari</strong></span> <span class='ocrx_word' id='word_1_168' title='bbox 244 2419 272 2466; x_wconf 87' lang='lat' dir='ltr'><strong>et</strong></span> <span class='ocrx_word' id='word_1_169' title='bbox 298 2411 339 2464; x_wconf 90' lang='lat' dir='ltr'><strong>sui</strong></span> <span class='ocrx_word' id='word_1_170' title='bbox 366 2411 521 2466; x_wconf 81' lang='lat' dir='ltr'><strong>dissimilem</strong></span> <span class='ocrx_word' id='word_1_171' title='bbox 546 2411 623 2466; x_wconf 86' lang='lat' dir='ltr'><strong>reddi</strong></span> <span class='ocrx_word' id='word_1_172' title='bbox 640 2411 758 2465; x_wconf 80' lang='lat' dir='ltr'><strong>&#39;necesse</strong></span> <span class='ocrx_word' id='word_1_173' title='bbox 782 2412 874 2467; x_wconf 81' lang='lat' dir='ltr'><strong>fuisse,</strong></span> <span class='ocrx_word' id='word_1_174' title='bbox 924 2407 955 2462; x_wconf 91' lang='lat' dir='ltr'><strong>Id</strong></span> <span class='ocrx_word' id='word_1_175' title='bbox 982 2407 1085 2461; x_wconf 87' lang='lat' dir='ltr'><strong>scilicet</strong></span> 
     </span>
     <span class='ocr_line' id='line_1_25' title="bbox 114 2479 1085 2558; baseline -0.003 -17"><span class='ocrx_word' id='word_1_176' title='bbox 114 2488 251 2542; x_wconf 84' lang='lat' dir='ltr'><strong>effecisset</strong></span> <span class='ocrx_word' id='word_1_177' title='bbox 271 2503 342 2558; x_wconf 85' lang='lat' dir='ltr'><strong>vaga</strong></span> <span class='ocrx_word' id='word_1_178' title='bbox 363 2489 476 2556; x_wconf 84' lang='lat' dir='ltr'><strong>auditio,</strong></span> <span class='ocrx_word' id='word_1_179' title='bbox 496 2505 550 2542; x_wconf 91' lang='lat' dir='ltr'><strong>non</strong></span> <span class='ocrx_word' id='word_1_180' title='bbox 570 2488 690 2557; x_wconf 84' lang='lat' dir='ltr'><strong>legitima</strong></span> <span class='ocrx_word' id='word_1_181' title='bbox 709 2494 738 2542; x_wconf 89' lang='lat' dir='ltr'><strong>et</strong></span> <span class='ocrx_word' id='word_1_182' title='bbox 757 2488 827 2542; x_wconf 89' lang='lat' dir='ltr'><strong>bene</strong></span> <span class='ocrx_word' id='word_1_183' title='bbox 844 2485 995 2554; x_wconf 88' lang='lat' dir='ltr'><strong>composita</strong></span> <span class='ocrx_word' id='word_1_184' title='bbox 1016 2479 1085 2531; x_wconf 76' lang='grc' dir='ltr'>διδα-</span> 
     </span>
     <span class='ocr_line' id='line_1_26' title="bbox 114 2560 1087 2636; baseline -0.006 -17"><span class='ocrx_word' id='word_1_185' title='bbox 114 2560 221 2612; x_wconf 70' lang='grc' dir='ltr'><em>σκαλία·</em></span> <span class='ocrx_word' id='word_1_186' title='bbox 269 2564 465 2619; x_wconf 84' lang='lat' dir='ltr'><strong>Verumtamen</strong></span> <span class='ocrx_word' id='word_1_187' title='bbox 494 2565 546 2636; x_wconf 90' lang='lat' dir='ltr'><strong>ipsi</strong></span> <span class='ocrx_word' id='word_1_188' title='bbox 575 2571 683 2618; x_wconf 85' lang='lat' dir='ltr'><strong>veteres</strong></span> <span class='ocrx_word' id='word_1_189' title='bbox 713 2583 731 2620; x_wconf 91' lang='lat' dir='ltr'><strong>a</strong></span> <span class='ocrx_word' id='word_1_190' title='bbox 760 2563 903 2634; x_wconf 89' lang='lat' dir='ltr'><strong>rhapsodis</strong></span> <span class='ocrx_word' id='word_1_191' title='bbox 927 2560 1087 2630; x_wconf 87' lang='lat' dir='ltr'><strong>repetebant</strong></span> 
     </span>
    </p>
   </div>
   <div class='ocr_carea' id='block_1_5' title="bbox 18 2637 1087 2712">
    <p class='ocr_par' dir='ltr' id='par_1_5' title="bbox 18 2637 1087 2712">
     <span class='ocr_line' id='line_1_27' title="bbox 18 2637 1087 2712; baseline -0.005 -18"><span class='ocrx_word' id='word_1_192' title='bbox 18 2691 19 2694; x_wconf 76' lang='grc'>,</span> <span class='ocrx_word' id='word_1_193' title='bbox 115 2643 247 2712; x_wconf 84' lang='lat' dir='ltr'><strong>originem</strong></span> <span class='ocrx_word' id='word_1_194' title='bbox 267 2641 402 2696; x_wconf 87' lang='lat' dir='ltr'><strong>variarum</strong></span> <span class='ocrx_word' id='word_1_195' title='bbox 422 2642 582 2710; x_wconf 87' lang='lat' dir='ltr'><strong>lectionum,</strong></span> <span class='ocrx_word' id='word_1_196' title='bbox 607 2641 634 2693; x_wconf 90' lang='lat' dir='ltr'><strong>in</strong></span> <span class='ocrx_word' id='word_1_197' title='bbox 655 2657 801 2711; x_wconf 90' lang='lat' dir='ltr'><strong>eorumque</strong></span> <span class='ocrx_word' id='word_1_198' title='bbox 822 2637 983 2693; x_wconf 90' lang='lat' dir='ltr'><strong>creberrimo</strong></span> <span class='ocrx_word' id='word_1_199' title='bbox 1005 2642 1087 2690; x_wconf 83' lang='lat' dir='ltr'><strong>cantu</strong></span> 
     </span>
    </p>
   </div>
   <div class='ocr_carea' id='block_1_6' title="bbox 114 2713 1111 3018">
    <p class='ocr_par' dir='ltr' id='par_1_6' title="bbox 114 2713 1111 3018">
     <span class='ocr_line' id='line_1_28' title="bbox 114 2713 1111 2789; baseline -0.008 -15"><span class='ocrx_word' id='word_1_200' title='bbox 114 2719 292 2789; x_wconf 88' lang='lat' dir='ltr'><strong>praecipuum</strong></span> <span class='ocrx_word' id='word_1_201' title='bbox 316 2717 419 2772; x_wconf 84' lang='lat' dir='ltr'><strong>fontem</strong></span> <span class='ocrx_word' id='word_1_202' title='bbox 444 2718 574 2772; x_wconf 84' lang='lat' dir='ltr'><strong>videbant</strong></span> <span class='ocrx_word' id='word_1_203' title='bbox 603 2718 783 2788; x_wconf 88' lang='lat' dir='ltr'><strong>corruptionis</strong></span> <span class='ocrx_word' id='word_1_204' title='bbox 814 2723 841 2771; x_wconf 88' lang='lat' dir='ltr'><strong>et</strong></span> <span class='ocrx_word' id='word_1_205' title='bbox 870 2713 1111 2785; x_wconf 82' lang='lat' dir='ltr'><strong>interpolationis·</strong></span> 
     </span>
     <span class='ocr_line' id='line_1_29' title="bbox 114 2788 1087 2864; baseline -0.006 -16"><span class='ocrx_word' id='word_1_206' title='bbox 114 2795 288 2850; x_wconf 89' lang='lat' dir='ltr'><strong>Homericae.</strong></span> <span class='ocrx_word' id='word_1_207' title='bbox 327 2793 420 2864; x_wconf 84' lang='lat' dir='ltr'><strong>Atque</strong></span> <span class='ocrx_word' id='word_1_208' title='bbox 446 2793 499 2848; x_wconf 86' lang='lat' dir='ltr'><strong>hoc</strong></span> <span class='ocrx_word' id='word_1_209' title='bbox 524 2794 669 2863; x_wconf 86' lang='lat' dir='ltr'><strong>iudicium,</strong></span> <span class='ocrx_word' id='word_1_210' title='bbox 699 2795 734 2849; x_wconf 85' lang='lat' dir='ltr'><strong>ab</strong></span> <span class='ocrx_word' id='word_1_211' title='bbox 761 2792 955 2848; x_wconf 86' lang='lat' dir='ltr'><strong>Alexandrinis</strong></span> <span class='ocrx_word' id='word_1_212' title='bbox 981 2788 1087 2844; x_wconf 78' lang='lat' dir='ltr'><strong>criticis</strong></span> 
     </span>
     <span class='ocr_line' id='line_1_30' title="bbox 115 2866 1087 2943; baseline -0.006 -17"><span class='ocrx_word' id='word_1_213' title='bbox 115 2869 330 2943; x_wconf 66' lang='lat' dir='ltr'><strong>profectnmw),</strong></span> <span class='ocrx_word' id='word_1_214' title='bbox 358 2871 490 2926; x_wconf 87' lang='lat' dir='ltr'><strong>eiusmodi</strong></span> <span class='ocrx_word' id='word_1_215' title='bbox 510 2878 566 2940; x_wconf 91' lang='lat' dir='ltr'><strong>est,</strong></span> <span class='ocrx_word' id='word_1_216' title='bbox 593 2877 623 2925; x_wconf 89' lang='lat' dir='ltr'><strong>ut</strong></span> <span class='ocrx_word' id='word_1_217' title='bbox 648 2877 746 2925; x_wconf 86' lang='lat' dir='ltr'><strong>natura</strong></span> <span class='ocrx_word' id='word_1_218' title='bbox 765 2870 804 2925; x_wconf 89' lang='lat' dir='ltr'><strong>rei</strong></span> <span class='ocrx_word' id='word_1_219' title='bbox 824 2869 988 2939; x_wconf 86' lang='lat' dir='ltr'><strong>cogitantem</strong></span> <span class='ocrx_word' id='word_1_220' title='bbox 1006 2866 1087 2921; x_wconf 82' lang='lat' dir='ltr'><strong>facilc</strong></span> 
     </span>
     <span class='ocr_line' id='line_1_31' title="bbox 117 2943 1088 3018; baseline -0.008 -15"><span class='ocrx_word' id='word_1_221' title='bbox 117 2948 215 3003; x_wconf 89' lang='lat' dir='ltr'><strong>eodem</strong></span> <span class='ocrx_word' id='word_1_222' title='bbox 235 2947 375 3018; x_wconf 87' lang='lat' dir='ltr'><strong>perducat.</strong></span> <span class='ocrx_word' id='word_1_223' title='bbox 401 2948 498 3018; x_wconf 89' lang='lat' dir='ltr'><strong>Neque</strong></span> <span class='ocrx_word' id='word_1_224' title='bbox 512 2949 582 3003; x_wconf 92' lang='lat' dir='ltr'><strong>enim</strong></span> <span class='ocrx_word' id='word_1_225' title='bbox 596 2965 629 3002; x_wconf 91' lang='lat' dir='ltr'><strong>ne</strong></span> <span class='ocrx_word' id='word_1_226' title='bbox 644 2946 815 3003; x_wconf 87' lang='lat' dir='ltr'><strong>tenacissima</strong></span> <span class='ocrx_word' id='word_1_227' title='bbox 828 2947 937 3017; x_wconf 87' lang='lat' dir='ltr'><strong>quidem</strong></span> <span class='ocrx_word' id='word_1_228' title='bbox 950 2943 1088 3010; x_wconf 86' lang='lat' dir='ltr'><strong>memoria,</strong></span> 
     </span>
    </p>
   </div>
   <div class='ocr_carea' id='block_1_7' title="bbox 118 3153 1090 3435">
    <p class='ocr_par' dir='ltr' id='par_1_7' title="bbox 118 3153 1090 3435">
     <span class='ocr_line' id='line_1_32' title="bbox 185 3153 1089 3230; baseline -0.007 -16"><span class='ocrx_word' id='word_1_229' title='bbox 185 3163 219 3230; x_wconf 79' lang='lat'><strong>⁷⁵)</strong></span> <span class='ocrx_word' id='word_1_230' title='bbox 241 3163 304 3215; x_wconf 85' lang='lat' dir='ltr'><strong>Post</strong></span> <span class='ocrx_word' id='word_1_231' title='bbox 327 3179 371 3223; x_wconf 87' lang='lat' dir='ltr'><strong>ca,</strong></span> <span class='ocrx_word' id='word_1_232' title='bbox 397 3178 463 3228; x_wconf 88' lang='lat' dir='ltr'><strong>quae</strong></span> <span class='ocrx_word' id='word_1_233' title='bbox 486 3179 517 3212; x_wconf 88' lang='lat' dir='ltr'><strong>ex</strong></span> <span class='ocrx_word' id='word_1_234' title='bbox 538 3160 661 3226; x_wconf 88' lang='lat' dir='ltr'><strong>Harpocr.</strong></span> <span class='ocrx_word' id='word_1_235' title='bbox 684 3166 709 3210; x_wconf 89' lang='lat' dir='ltr'><strong>et</strong></span> <span class='ocrx_word' id='word_1_236' title='bbox 725 3159 838 3225; x_wconf 83' lang='lat' dir='ltr'><strong>Hesycb.</strong></span> <span class='ocrx_word' id='word_1_237' title='bbox 855 3177 879 3210; x_wconf 77' lang='lat' dir='ltr'><strong>v.</strong></span> <span class='ocrx_word' id='word_1_238' title='bbox 897 3153 1089 3213; x_wconf 73' lang='grc' dir='ltr'>διδάσκαλοςιι</span> 
     </span>
     <span class='ocr_line' id='line_1_33' title="bbox 118 3225 1089 3291; baseline -0.008 -7"><span class='ocrx_word' id='word_1_239' title='bbox 118 3231 249 3284; x_wconf 85' lang='lat' dir='ltr'><strong>nonnullis</strong></span> <span class='ocrx_word' id='word_1_240' title='bbox 266 3231 326 3283; x_wconf 76' lang='lat' dir='ltr'><strong>viris</strong></span> <span class='ocrx_word' id='word_1_241' title='bbox 345 3231 425 3282; x_wconf 83' lang='lat' dir='ltr'><strong>doctis</strong></span> <span class='ocrx_word' id='word_1_242' title='bbox 443 3231 562 3291; x_wconf 84' lang='lat' dir='ltr'><strong>breviter,</strong></span> <span class='ocrx_word' id='word_1_243' title='bbox 580 3239 606 3281; x_wconf 91' lang='lat' dir='ltr'><strong>et</strong></span> <span class='ocrx_word' id='word_1_244' title='bbox 624 3245 640 3280; x_wconf 86' lang='lat' dir='ltr'><strong>a</strong></span> <span class='ocrx_word' id='word_1_245' title='bbox 658 3228 764 3280; x_wconf 79' lang='lat' dir='ltr'><strong>casaub.</strong></span> <span class='ocrx_word' id='word_1_246' title='bbox 783 3229 809 3278; x_wconf 94' lang='lat' dir='ltr'><strong>in</strong></span> <span class='ocrx_word' id='word_1_247' title='bbox 828 3227 918 3278; x_wconf 86' lang='lat' dir='ltr'><strong>Athen.</strong></span> <span class='ocrx_word' id='word_1_248' title='bbox 938 3226 989 3285; x_wconf 85' lang='lat' dir='ltr'><strong>Vl,</strong></span> <span class='ocrx_word' id='word_1_249' title='bbox 1007 3227 1030 3278; x_wconf 74' lang='lat' dir='ltr'><strong>&#39;l-</strong></span> <span class='ocrx_word' id='word_1_250' title='bbox 1049 3225 1089 3276; x_wconf 86' lang='lat' dir='ltr'><strong>di-</strong></span> 
     </span>
     <span class='ocr_line' id='line_1_34' title="bbox 118 3294 1090 3363; baseline -0.007 -11"><span class='ocrx_word' id='word_1_251' title='bbox 118 3299 286 3352; x_wconf 78' lang='lat' dir='ltr'><strong>dascah&#39;arum</strong></span> <span class='ocrx_word' id='word_1_252' title='bbox 305 3315 382 3351; x_wconf 84' lang='lat' dir='ltr'><strong>causa</strong></span> <span class='ocrx_word' id='word_1_253' title='bbox 398 3306 485 3350; x_wconf 89' lang='lat' dir='ltr'><strong>notata</strong></span> <span class='ocrx_word' id='word_1_254' title='bbox 504 3307 576 3361; x_wconf 88' lang='lat' dir='ltr'><strong>sunt,</strong></span> <span class='ocrx_word' id='word_1_255' title='bbox 595 3315 684 3359; x_wconf 88' lang='lat' dir='ltr'><strong>nemo,</strong></span> <span class='ocrx_word' id='word_1_256' title='bbox 703 3296 880 3363; x_wconf 73' lang='lat' dir='ltr'><strong>quodecim,</strong></span> <span class='ocrx_word' id='word_1_257' title='bbox 905 3294 931 3344; x_wconf 92' lang='lat' dir='ltr'><strong>iu</strong></span> <span class='ocrx_word' id='word_1_258' title='bbox 949 3295 1016 3344; x_wconf 89' lang='lat' dir='ltr'><strong>bane</strong></span> <span class='ocrx_word' id='word_1_259' title='bbox 1036 3310 1090 3345; x_wconf 90' lang='lat' dir='ltr'><strong>rem</strong></span> 
     </span>
     <span class='ocr_line' id='line_1_35' title="bbox 119 3362 1090 3435; baseline -0.007 -15"><span class='ocrx_word' id='word_1_260' title='bbox 119 3379 236 3420; x_wconf 79' lang='lat' dir='ltr'><strong>accurate</strong></span> <span class='ocrx_word' id='word_1_261' title='bbox 252 3368 391 3435; x_wconf 80' lang='lat' dir='ltr'><strong>inquisivit,</strong></span> <span class='ocrx_word' id='word_1_262' title='bbox 409 3375 592 3434; x_wconf 85' lang='lat' dir='ltr'><strong>exspectatque</strong></span> <span class='ocrx_word' id='word_1_263' title='bbox 609 3384 640 3417; x_wconf 87' lang='lat' dir='ltr'><strong>ea</strong></span> <span class='ocrx_word' id='word_1_264' title='bbox 656 3366 740 3416; x_wconf 88' lang='lat' dir='ltr'><strong>adhuc</strong></span> <span class='ocrx_word' id='word_1_265' title='bbox 758 3367 839 3416; x_wconf 84' lang='lat' dir='ltr'><strong>lucem</strong></span> <span class='ocrx_word' id='word_1_266' title='bbox 857 3379 930 3416; x_wconf 89' lang='lat' dir='ltr'><strong>suam</strong></span> <span class='ocrx_word' id='word_1_267' title='bbox 948 3377 1007 3412; x_wconf 90' lang='lat' dir='ltr'><strong>cum</strong></span> <span class='ocrx_word' id='word_1_268' title='bbox 1024 3362 1090 3413; x_wconf 88' lang='lat' dir='ltr'><strong>mul·</strong></span> 
     </span>
    </p>
   </div>
   <div class='ocr_carea' id='block_1_8' title="bbox 18 3434 919 3502">
    <p class='ocr_par' dir='ltr' id='par_1_8' title="bbox 18 3434 919 3502">
     <span class='ocr_line' id='line_1_36' title="bbox 18 3434 919 3502; baseline -0.01 -13"><span class='ocrx_word' id='word_1_269' title='bbox 18 3487 20 3502; x_wconf 84' lang='grc'>,</span> <span class='ocrx_word' id='word_1_270' title='bbox 120 3437 152 3488; x_wconf 88' lang='lat' dir='ltr'><strong>tis</strong></span> <span class='ocrx_word' id='word_1_271' title='bbox 169 3437 237 3498; x_wconf 81' lang='lat' dir='ltr'><strong>aliis,</strong></span> <span class='ocrx_word' id='word_1_272' title='bbox 257 3453 323 3502; x_wconf 91' lang='lat' dir='ltr'><strong>quae</strong></span> <span class='ocrx_word' id='word_1_273' title='bbox 341 3437 373 3496; x_wconf 85' lang='lat' dir='ltr'><strong>ad</strong></span> <span class='ocrx_word' id='word_1_274' title='bbox 391 3436 465 3487; x_wconf 88' lang='lat' dir='ltr'><strong>ludos</strong></span> <span class='ocrx_word' id='word_1_275' title='bbox 484 3435 596 3487; x_wconf 83' lang='lat' dir='ltr'><strong>scenicos</strong></span> <span class='ocrx_word' id='word_1_276' title='bbox 616 3436 770 3486; x_wconf 81' lang='lat' dir='ltr'><strong>Graecorum</strong></span> <span class='ocrx_word' id='word_1_277' title='bbox 789 3434 919 3500; x_wconf 87' lang='lat' dir='ltr'><strong>pertinent.</strong></span> 
     </span>
    </p>
   </div>
   <div class='ocr_carea' id='block_1_9' title="bbox 189 3515 1090 3590">
    <p class='ocr_par' dir='ltr' id='par_1_9' title="bbox 189 3515 1090 3590">
     <span class='ocr_line' id='line_1_37' title="bbox 189 3515 1090 3590; baseline -0.004 -17"><span class='ocrx_word' id='word_1_278' title='bbox 189 3522 223 3587; x_wconf 73' lang='lat'><strong>⁷⁸)</strong></span> <span class='ocrx_word' id='word_1_279' title='bbox 241 3521 373 3573; x_wconf 77' lang='lat' dir='ltr'><strong>Servatum</strong></span> <span class='ocrx_word' id='word_1_280' title='bbox 391 3537 432 3590; x_wconf 86' lang='lat' dir='ltr'><strong>ap.</strong></span> <span class='ocrx_word' id='word_1_281' title='bbox 448 3521 555 3588; x_wconf 87' lang='lat' dir='ltr'><strong>Josepb.</strong></span> <span class='ocrx_word' id='word_1_282' title='bbox 570 3527 679 3572; x_wconf 85' lang='lat' dir='ltr'><strong>extremo</strong></span> <span class='ocrx_word' id='word_1_283' title='bbox 696 3519 761 3580; x_wconf 87' lang='lat' dir='ltr'><strong>loco,</strong></span> <span class='ocrx_word' id='word_1_284' title='bbox 780 3533 855 3584; x_wconf 86' lang='lat' dir='ltr'><strong>quem</strong></span> <span class='ocrx_word' id='word_1_285' title='bbox 872 3533 948 3585; x_wconf 87' lang='lat' dir='ltr'><strong>supra</strong></span> <span class='ocrx_word' id='word_1_286' title='bbox 967 3515 1090 3586; x_wconf 86' lang='lat' dir='ltr'><strong>descripsi</strong></span> 
     </span>
    </p>
   </div>
   <div class='ocr_carea' id='block_1_10' title="bbox 120 3589 335 3658">
    <p class='ocr_par' dir='ltr' id='par_1_10' title="bbox 120 3589 335 3658">
     <span class='ocr_line' id='line_1_38' title="bbox 120 3589 335 3658; baseline 0.009 -17"><span class='ocrx_word' id='word_1_287' title='bbox 120 3589 335 3658; x_wconf 54' lang='lat' dir='ltr'><strong>amam</strong></span> 
     </span>
    </p>
   </div>
   <div class='ocr_carea' id='block_1_11' title="bbox 0 0 1383 4124">
    <p class='ocr_par' dir='ltr' id='par_1_11' title="bbox 0 0 1383 4124">
     <span class='ocr_line' id='line_1_39' title="bbox 0 0 1383 4124; baseline 0 0"><span class='ocrx_word' id='word_1_288' title='bbox 0 0 1383 4124; x_wconf 95' lang='lat' dir='ltr'><strong> </strong></span> 
     </span>
    </p>
   </div>
  </div>
 </body>
</html>
