2702 4124
664 311 857 364 ..42-

269 471 493 541 βουστροφηδόν.
536 468 649 524 Privata
673 487 708 524 an
735 466 856 524 habilior
881 475 940 524 tum
964 466 1047 522 fuerit
1075 466 1149 538 apud
1179 467 1256 536 illos,

270 545 383 599 dubium
414 544 531 600 reddunt
559 545 670 600 eaodem
699 546 832 611 rationes,
861 550 974 615 propter
1003 561 1076 614 quas
1107 543 1256 598 Bentleius

269 620 445 691 plaustrarias
462 621 571 677 fabulas
585 621 738 677 Susarionis
753 628 780 677 et
793 621 940 691 Thespidis
958 619 1081 691 (Olymp.
1095 619 1255 688 L-LXI.)

270 697 372 766 scripto
399 697 485 752 editas
511 697 681 768 negavicu),
709 698 815 755 nemine
842 697 1009 752 eruditorum
1036 695 1255 750 contradicente.

271 772 351 828 Certe
380 771 535 829 Atticorum
565 776 728 844 scriptorum
758 791 813 829 nou
846 782 909 828 ante
938 772 1050 827 Persica
1081 770 1257 841 tempora⁸⁴)

269 851 371 904 mentio
391 849 422 904 fit
442 857 489 905 aut
509 850 686 922 significatio,
712 850 755 906 cui
776 868 831 905 non
853 850 934 904 fidem
955 849 1070 918 deroget
1092 847 1165 901 illius
1191 849 1257 902 aevi

271 931 299 980 et
319 927 357 979 rei
377 926 503 996 publicae
523 928 608 982 faoies
635 934 662 982 et
689 927 911 998 grantssImornm
936 932 1077 980 auctorum
1104 924 1259 991 silentium,

272 1001 326 1057 Sed
346 1019 400 1056 uon
420 1020 584 1074 persequar,
615 1004 689 1075 quod
710 1011 801 1059 tenere
823 1003 880 1058 sine
900 1002 988 1073 longis
1009 1000 1172 1071 ambagibus
1198 1018 1257 1054 non

271 1095 397 1148 possum;
430 1080 502 1134 ultro
531 1081 612 1134 etiam
639 1080 835 1147 concesserim,
865 1079 1004 1148 aliquanto
1034 1084 1098 1132 ante
1124 1076 1258 1130 Solonem

271 1154 388 1210 Athenis
404 1155 474 1209 hanc
491 1163 577 1210 artem
592 1157 733 1227 paullatim
747 1157 855 1227 privato
869 1155 959 1209 studio
973 1153 1099 1222 usurpari
1113 1159 1258 1223 coeptam:

271 1247 360 1300 neque
384 1231 453 1285 adeo
475 1233 580 1301 dubito,
602 1233 666 1304 quin
688 1233 715 1287 id
736 1233 851 1287 saeculis
871 1230 955 1285 VIII.
977 1238 1004 1285 et
1018 1229 1087 1284 VII.
1108 1229 1136 1282 in
1157 1229 1258 1284 ceteris

272 1307 448 1374 civitatibus,
475 1309 634 1363 nominatim
652 1309 746 1366 Ioniae
771 1316 799 1363 ct
825 1309 942 1378 Magnae
966 1306 1113 1373 Graeciae,
1139 1305 1259 1360 fecerint

271 1383 439 1438 sollertiores
461 1385 572 1454 quidam
593 1386 730 1454 homines,
758 1401 905 1454 eorumque
926 1384 1078 1452 exemplum
1102 1383 1147 1436 vel
1167 1381 1258 1436 secuti

271 1459 316 1513 vel
337 1458 390 1528 ipsi
411 1477 471 1514 rem
493 1463 626 1531 auspicati
646 1462 700 1516 sint
719 1465 817 1532 poetae
831 1461 960 1528 nonnulli,
981 1461 1004 1514 si
1018 1476 1072 1513 non
1086 1456 1179 1524 Asius,
1201 1457 1268 1510 Eua

273 1535 370 1602 melus,
392 1535 531 1604 Arctinus,
553 1538 609 1605 alii,
631 1539 682 1592 sub
703 1539 797 1609 primis
816 1537 945 1608 Olympp.
966 1537 1032 1589 clari
1053 1535 1137 1605 epicis
1152 1533 1259 1587 Carmi-

271 1611 361 1680 nibus,
385 1619 414 1666 at
435 1620 507 1667 certe
528 1614 722 1683 Archilochus,
746 1614 868 1682 Alcman,
888 1612 1029 1681 Pisandes,
1053 1601 1138 1666 Arion
1161 1616 1189 1664 et
1207 1609 1258 1663 ho-

271 1704 331 1741 rum
352 1689 496 1758 aequales:
517 1696 607 1744 tamen
629 1692 652 1745 si
673 1691 707 1745 de
726 1692 853 1744 universa
868 1689 984 1742 Graecia
998 1696 1026 1742 et
1038 1687 1132 1757 paullo
1147 1685 1258 1740 tritiora
1340 1679 1341 1692 ¹

272 1782 322 1818 uau
344 1765 410 1818 artis
429 1766 601 1835 institutoque
619 1768 867 1820 conacm'hendomm
887 1767 1018 1820 librmum
1038 1764 1160 1833 quaeris,
1187 1762 1258 1816 illud
1340 1781 1341 1784 ¹

271 1841 466 1896 removendum
486 1860 539 1897 nou
554 1861 613 1898 esse
627 1862 644 1898 a
659 1844 791 1911 Thaletis,
812 1841 933 1911 Solonis,
953 1841 1091 1896 Pisistrati
1106 1848 1134 1894 et
1149 1856 1257 1904 eorum,

272 1920 319 1988 qui
340 1916 482 1988 Sapientes
503 1921 688 1990 appellantur,
709 1928 816 1986 aetate,
838 1919 856 1972 i.
879 1935 902 1972 e.
929 1935 962 1972 ea
983 1935 1037 1988 qua
1057 1917 1144 1971 oratio
1167 1921 1258 1969 metro

272 1994 342 2048 solvi
363 1996 469 2064 coepit,
496 1996 535 2050 ita
554 1997 690 2066 significat
717 1996 797 2050 nobis
825 1995 939 2050 historia
965 1995 1064 2048 artIum
1086 1991 1259 2046 Graecarum

273 2069 400 2138 omnium,
422 2078 452 2124 ut
472 2071 613 2126 infantiam
633 2090 709 2127 suam
731 2073 811 2128 obliti
831 2071 926 2142 populi
947 2070 1131 2126 testimonium
1145 2069 1258 2122 minime

272 2145 483 2200 desiderandum
506 2148 641 2202 videatur.

352 2222 394 2276 De
419 2222 526 2277 cultura
545 2241 644 2294 prosae
669 2225 814 2294 orationis,
836 2225 945 2280 ineunte
966 2223 1075 2278 saeculo
1101 2227 1164 2276 aute
1189 2218 1257 2274 chr.

272 2296 324 2352 VI.
346 2299 504 2370 apluribus
530 2309 558 2354 et
583 2301 643 2370 ipso
666 2300 767 2356 Solone
791 2301 933 2369 inchoata,
961 2300 1049 2370 deque
1076 2299 1164 2353 causis
1190 2300 1258 2351 novi

272 2374 375 2444 incepti
399 2375 466 2429 nihil
492 2376 536 2430 hic
562 2377 651 2433 habeo
678 2378 781 2434 dicere:
812 2383 841 2432 et
867 2394 937 2447 quae
963 2393 996 2431 ex
1026 2383 1149 2430 veterum
1183 2375 1254 2428 locis
1341 2423 1342 2440 ,

273 2451 375 2505 hauriri
395 2461 518 2522 possunt,
539 2453 613 2507 dicta
633 2461 697 2509 sunt
717 2455 820 2510 omnia:
846 2462 876 2508 at
896 2471 977 2508 unam
997 2470 1063 2521 rem,
1084 2453 1136 2506 etsi
1148 2451 1177 2504 in
1190 2466 1256 2505 con·

274 2529 378 2582 iectura
397 2530 529 2599 positam,
555 2529 681 2600 afferam,
709 2533 760 2586 nisi
781 2531 870 2585 omnia
890 2547 932 2585 me
951 2529 1063 2595 fallunt,
1083 2528 1256 2582 utilissimam

275 2605 340 2658 huic
360 2606 514 2674 quaestioni
533 2615 651 2662 nostrae.
682 2609 752 2664 Nam
773 2607 881 2663 videtur
905 2607 984 2676 plane
1004 2620 1115 2660 necesse
1134 2620 1203 2670 esse,
1226 2609 1258 2658 ut

272 2689 345 2749 tum,
372 2698 455 2751 quum
477 2681 581 2738 Graeci
598 2686 729 2754 Impetum
750 2690 879 2755 cuperent
899 2683 1007 2736 vincula
1029 2681 1143 2736 metrica
1168 2680 1256 2734 revel=

342 2859 376 2925 ⁸³)
395 2861 425 2910 Iu
443 2860 519 2927 Apol.
538 2859 610 2914 Dias.
636 2861 668 2911 de
685 2861 778 2926 Epistt.
805 2857 949 2912 Phalaridis
968 2875 993 2925 p·
1014 2859 1071 2912 109.
1090 2874 1147 2924 sqq.
1166 2856 1256 2910 uansl.

272 2927 429 3058 Lem'‘IIII'Ut
452 3000 584 3062 poetarum
608 2995 772 3055 comicorum,
798 2994 945 3056 Chionides,
963 2992 1103 3060 Magnetis,
1121 3000 1149 3044 ut
1166 2992 1256 3057 philo-

274 3063 348 3129 sophi
372 3063 557 3131 Ansxagorae,
583 3065 627 3132 qui
651 3063 692 3114 Ol.
716 3062 822 3125 LXXV,
843 3064 862 3116 1.
883 3081 962 3115 annos
986 3065 1020 3116 20
1041 3071 1115 3114 natus
1140 3060 1255 3112 Athenas

273 3131 487 3214 migravitnDiog
513 3131 936 3214 Ιι.ΙΙ·,1Ί.Ρτιὶο,τοιιιροιδιιειτιιιῐι1
956 3132 1071 3196 illorum,
1097 3131 1170 3210 cuius
1194 3138 1255 3180 tau·

272 3198 1256 3336 attelini}tttttt,ilitittttltlttttl„tlttitt

273 3352 331 3387 cum
349 3336 479 3396 Eudocisu
498 3339 563 3388 hene
581 3338 638 3389 ideo
657 3355 673 3389 a
690 3335 824 3404 scaligero
848 3336 873 3387 in
897 3335 986 3388 Descr.
1006 3334 1127 3402 Olympp.
1145 3332 1255 3384 relatum

273 3405 306 3454 ad
324 3404 366 3455 Ol.
384 3403 501 3456 LXXHI.
536 3405 678 3473 Utrumque
701 3415 786 3456 autem
810 3405 925 3471 pluribus
948 3407 1021 3456 annis
1045 3417 1198 3470 praegressa
1216 3409 1256 3452 est

274 3471 411 3523 Comoedia
429 3474 585 3527 Gsaecorum
602 3473 785 3535 SiciIIensium,
803 3474 835 3525 ab
853 3473 1023 3540 Epicharmo,
1050 3472 1072 3522 si
1089 3480 1165 3522 nutus
1183 3479 1255 3522 vete·

273 3555 329 3590 rum
346 3549 415 3592 recte
432 3558 561 3608 assequor,
579 3544 720 3610 perscripta
737 3542 787 3592 iam
805 3549 864 3592 ante
882 3541 988 3593 Gelonis
1006 3540 1178 3608 tyrannidem.
