2702 4124
506 313 694 366 ..31-

109 487 160 540 dia
191 494 289 557 postea
318 487 440 541 historici
475 495 502 542 et
531 487 697 541 litteratores
726 505 780 540 non
800 486 913 556 aequius
943 487 1037 541 tollere
1058 503 1087 540 se

107 581 197 634 posse
211 569 349 633 putarunt,
374 581 456 633 quam
478 565 500 618 si
521 581 579 618 earn
597 563 711 634 gloriam
736 563 935 634 quodammodo
956 564 1086 634 partiren-

107 649 158 694 tur
181 641 251 694 inter
271 656 371 694 omnes.
411 642 445 694 In
467 656 521 711 quo
542 657 627 693 unum
645 640 710 694 mihi
731 640 844 693 maxime
859 641 969 711 dignum
990 647 1085 695 notatu

107 716 237 786 videtur,
267 716 341 787 qnod
367 717 513 786 Euripides
539 723 598 770 toto
619 718 728 770 invento
753 717 787 773 ad
808 716 980 771 Palamedem
1000 723 1086 772 trans·

106 792 228 848 ferendo
249 794 386 847 communi
411 793 510 848 iudicio
539 792 627 848 Attici
655 793 755 847 theatri
781 793 927 847 insolenter
947 793 1084 860 illusisset,

106 870 131 922 si
153 871 211 923 iam
230 877 288 924 tum
309 871 342 923 de
362 871 519 941 antiquiore
540 871 618 924 cultu
638 871 703 923 artis
724 877 752 924 et
772 869 867 924 Cadmi
893 886 1002 923 munere
1022 887 1085 924 con-

83 937 236 1000 'stitisset
280 947 376 1015 Neque
402 947 546 1016 Euripides
574 946 644 999 illud
667 946 756 1000 lacere
775 947 866 1016 potuit
891 947 1008 1016 primus;
1035 963 1085 1000 nec

107 1023 256 1094 fingebant
275 1023 314 1076 ita
335 1024 452 1093 Tragici.
492 1024 550 1078 Iam
570 1023 678 1076 verosi
698 1023 872 1077 oblitteratas
892 1024 958 1077 istas
978 1022 1084 1078 fabulas

107 1101 173 1153 iure
198 1100 234 1153 ad
260 1104 357 1168 poetas
385 1107 510 1154 auctores
537 1100 686 1168 reficimus,
721 1099 818 1170 ecquid
848 1099 967 1155 accurati
992 1098 1084 1153 iudicii

108 1182 165 1242 est,
186 1177 234 1230 uni
256 1191 361 1244 earum,
383 1193 415 1230 ex
434 1176 530 1230 iisdem
549 1176 669 1230 fontibus
689 1177 801 1244 ductae,
822 1176 883 1230 ideo
905 1176 968 1245 quia
988 1175 1084 1230 ceteris

108 1252 277 1308 celebratior
299 1261 349 1318 est,
370 1252 496 1307 addicere
516 1253 723 1307 credulitatem?

190 1329 230 1382 At
249 1346 376 1398 maguum
395 1337 533 1383 auctorem
559 1329 642 1384 habet
670 1348 768 1383 munus
789 1329 884 1383 Cadmi
903 1329 1083 1383 Herodotum.

107 1405 219 1474 Video3
241 1413 268 1460 et
279 1407 361 1460 alium
374 1404 473 1460 addam
482 1423 537 1459 non
550 1407 688 1473 minorem,
704 1413 775 1460 certe
786 1406 877 1477 paullo
889 1406 1082 1475 antiquiorem:

106 1499 162 1536 nec
188 1489 334 1552 propterea
363 1481 456 1537 desino
478 1482 616 1548 dubitare,
646 1501 711 1536 uum
735 1501 858 1553 magnam
893 1482 1084 1537 auctoritatem

106 1559 174 1628 ipsa
196 1559 291 1613 fabula
317 1577 364 1613 seu
389 1560 460 1613 fama
486 1560 594 1614 habeat.
645 1560 716 1615 Nam
747 1559 918 1614 temerarium
944 1565 1025 1628 puto,
1055 1559 1083 1611 in

107 1642 190 1690 tanta
209 1644 349 1690 auctorum
371 1636 555 1704 dissensione,
582 1637 630 1689 uni
654 1644 702 1691 aut
727 1638 822 1706 paucis
846 1635 979 1701 assentiri,
1005 1651 1083 1704 prae·

108 1713 205 1767 sertim
225 1713 252 1766 in
273 1729 316 1780 re,
343 1730 413 1783 quae
439 1731 523 1782 quum
548 1713 630 1783 vulgo
657 1719 732 1766 recte
759 1713 941 1766 Phoenicibus
968 1718 1081 1780 accepta

107 1789 237 1856 ferretur,
258 1788 384 1844 facillime
404 1790 580 1856 aPhoenice,
601 1789 764 1843 clarissimae
785 1790 812 1843 in
828 1787 944 1844 Graecia
958 1787 1081 1842 coloniae

109 1866 264 1932 conditore,
290 1883 389 1920 nomen
415 1867 545 1936 adoptare
572 1867 701 1936 potuerit.
746 1865 827 1918 Alter
854 1864 962 1934 quidem
988 1869 1081 1918 aucto-

107 1960 172 1996 rum
192 1943 300 1995 illorum
328 1943 476 2013 Dionysius
496 1943 621 1996 Milesius
651 1949 706 2008 est,
732 1942 848 2010 scriptor
874 1941 1002 1995 historiae
1024 1957 1081 2010 my·

108 2017 257 2088 tiricae14).
297 2019 360 2073 Non
381 2020 410 2072 id
430 2020 532 2088 affero,
559 2018 633 2089 quod
653 2035 715 2072 eum
735 2034 858 2087 spernam
879 2023 991 2087 propter
1011 2016 1082 2070 hanc

108 2095 251 2149 materiem
271 2095 422 2149 scribendi:
444 2113 531 2165 neque
553 2097 621 2149 adeo
642 2099 739 2166 poetas
759 2110 867 2164 sperne,
888 2111 920 2148 ex
940 2094 1039 2164 quibus
1058 2093 1081 2146 is

108 2176 187 2227 totus
214 2171 367 2241 pendebat:
394 2180 513 2228 attamen
538 2173 605 2226 illud
631 2190 685 2226 non
708 2188 852 2241 assequor,
879 2188 927 2225 cur
950 2189 968 2225 a
992 2170 1080 2237 nobis,

109 2249 265 2314 veritatem,
279 2265 333 2302 non
351 2241 484 2298 Φοινικικὰ
502 2246 634 2319 liscivum)
652 2248 858 2319 quaerentibus,
878 2248 905 2300 in
918 2247 971 2301 hoc
981 2262 1080 2318 genere

108 2321 274 2394 locupletio'r
288 2326 379 2398 testis,
402 2343 484 2396 quam
502 2327 530 2378 in
551 2327 658 2394 ceteris,
681 2341 750 2395 quse
771 2325 900 2392 narravit,
921 2323 1016 2378 haberi
1035 2323 1081 2378 de-

108 2523 179 2573 bnsii
203 2521 235 2572 ad
257 2522 359 2572 Lucian.
379 2519 409 2574 d.
429 2519 450 2570 Ι.
468 2538 493 2586 p.
510 2521 551 2575 88.
575 2522 707 2586 petitarum
729 2535 870 2570 sermonem
892 2516 997 2567 nimium
1021 2532 1079 2582 pre-

108 2591 210 2650 mentis.
246 2589 358 2648 Accedit,
376 2589 444 2654 quod
462 2605 509 2639 nec
527 2588 627 2640 Tacitus
645 2588 795 2654 gravissimo
812 2587 867 2636 loco
886 2587 954 2635 Anu.
965 2584 1010 2645 XI,
1030 2587 1079 2645 ll..

108 2675 157 2710 nec
166 2659 293 2725 Hyginus,
313 2673 359 2708 nec
370 2657 421 2708 Dio
431 2657 636 2722 chrysostomus,
649 2655 780 2707 Palamedi
792 2655 898 2704 eandem
911 2653 1081 2704 inventionem

108 2728 262 2788 tribuentes,
285 2744 317 2777 ex
338 2742 389 2776 uno
411 2725 533 2791 Euripide
557 2725 581 2775 id
605 2727 744 2789 sumpsisse
761 2722 838 2772 videri
862 2730 979 2788 possunt.
999 2719 1081 2787 [Nihil

108 2796 197 2861 utique
221 2794 292 2846 uliud
313 2793 422 2844 affirmat
439 2793 478 2850 E..
502 2811 577 2859 quam
601 2794 669 2860 quod
693 2792 774 2843 literis
798 2790 917 2840 ordinetis
941 2789 1080 2840 faciliorem

108 2863 196 2914 utendi
219 2862 395 2929 scribendique
417 2862 537 2912 rationem
561 2861 705 2912 ostenderit.
724 2858 794 2926 ΤΗ.]
832 2859 929 2909 Omitto
947 2858 1080 2908 Declama-

108 2938 174 3012 tores
193 2932 256 2982 duos
274 2933 302 2981 in
320 2930 402 2981 Oratt.
420 2932 464 2981 Gr.
481 2929 569 3009 Reislr.
588 2929 710 3009 uvlss.
734 2946 758 2994 p.
777 2930 818 2982 74.
839 2936 865 2977 et
884 2928 1018 3006 ll8.‚·etsi
1042 2923 1080 3006 illi

108 2995 1080 3133 tttqtttlthl,tttltltttlrtttlrtlttlsltlttt

108 3135 203 3188 inventi
221 3145 306 3186 auctm
322 3135 477 3201 perhibetur.

181 3219 217 3288 ¹⁴)
240 3221 270 3272 ln
294 3237 388 3287 magno
411 3237 500 3287 opere,
518 3214 622 3288 Κύκλῳ,
643 3220 715 3271 cuius
738 3219 787 3270 loci
810 3236 886 3286 saepe
908 3216 1043 3270 laudantur
1064 3233 1081 3265 a

110 3289 299 3349 Grammaticis3
320 3289 341 3341 is
356 3308 405 3356 quo
418 3288 459 3341 hic
470 3291 573 3350 utimur,
586 3305 601 3339 a
613 3287 729 3340 Diodoro
739 3288 791 3340 Sic.
804 3288 849 3350 lIl,
862 3290 903 3342 66.
920 3285 969 3353 [Cf.
979 3284 1010 3335 V.
1021 3282 1077 3350 57,]

177 3373 210 3444 ¹⁸)
228 3375 335 3427 Locutio
353 3374 520 3444 proverbialis
539 3383 577 3425 est
595 3374 663 3439 apud
678 3373 792 3425 llustatb.
811 3375 844 3424 sd
862 3373 1079 3440 Odyss.p.175‘l.

111 3443 140 3495 de
164 3445 237 3496 miris
266 3453 291 3494 et
318 3443 516 3495 incredibilibus.
544 3442 665 3511 [ψεῦσμα
690 3439 833 3494 Φοινικικόν
862 3440 1015 3495 Posidonius
1039 3460 1079 3512 ap.

111 3511 223 3565 seusa.
243 3513 263 3577 1,
276 3513 293 3568 5
304 3530 329 3579 p.
345 3509 412 3579 rio]
