<?xml version="1.0" encoding="UTF-8"?>
<!DOCTYPE html PUBLIC "-//W3C//DTD XHTML 1.0 Transitional//EN"
    "http://www.w3.org/TR/xhtml1/DTD/xhtml1-transitional.dtd">
<html xmlns="http://www.w3.org/1999/xhtml" xml:lang="en" lang="en">
 <head>
  <title>
</title>
<meta http-equiv="Content-Type" content="text/html;charset=utf-8" />
  <meta name='ocr-system' content='tesseract 3.04.00' />
  <meta name='ocr-capabilities' content='ocr_page ocr_carea ocr_par ocr_line ocrx_word'/>
</head>
<body>
  <div class='ocr_page' id='page_1' title='image "./prolegomenaadho03wolfgoog_0175.png"; bbox 0 0 2694 4116; ppageno 0'>
   <div class='ocr_carea' id='block_1_1' title="bbox 626 289 837 344">
    <p class='ocr_par' dir='ltr' id='par_1_1' title="bbox 626 289 837 344">
     <span class='ocr_line' id='line_1_1' title="bbox 626 289 837 344; baseline 0 0"><span class='ocrx_word' id='word_1_1' title='bbox 626 289 837 344; x_wconf 78' lang='lat'>-166-</span> 
     </span>
    </p>
   </div>
   <div class='ocr_carea' id='block_1_2' title="bbox 240 447 1330 979">
    <p class='ocr_par' dir='ltr' id='par_1_2' title="bbox 240 447 1330 979">
     <span class='ocr_line' id='line_1_2' title="bbox 240 447 1330 524; baseline -0.004 -15"><span class='ocrx_word' id='word_1_2' title='bbox 240 469 297 524; x_wconf 94' lang='lat' dir='ltr'><strong>que</strong></span> <span class='ocrx_word' id='word_1_3' title='bbox 318 450 455 523; x_wconf 91' lang='lat' dir='ltr'><strong>quidhoc</strong></span> <span class='ocrx_word' id='word_1_4' title='bbox 476 453 526 519; x_wconf 86' lang='lat' dir='ltr'><strong>est,</strong></span> <span class='ocrx_word' id='word_1_5' title='bbox 547 448 621 520; x_wconf 92' lang='lat' dir='ltr'><strong>quod</strong></span> <span class='ocrx_word' id='word_1_6' title='bbox 641 453 697 503; x_wconf 88' lang='lat' dir='ltr'><strong>tam</strong></span> <span class='ocrx_word' id='word_1_7' title='bbox 717 447 874 518; x_wconf 87' lang='lat' dir='ltr'><strong>frequenter</strong></span> <span class='ocrx_word' id='word_1_8' title='bbox 893 449 921 503; x_wconf 92' lang='lat' dir='ltr'><strong>in</strong></span> <span class='ocrx_word' id='word_1_9' title='bbox 935 451 1051 521; x_wconf 78' lang='lat' dir='ltr'>egregiis</span> <span class='ocrx_word' id='word_1_10' title='bbox 1066 449 1120 505; x_wconf 85' lang='lat' dir='ltr'><strong>iilis</strong></span> <span class='ocrx_word' id='word_1_11' title='bbox 1137 448 1229 506; x_wconf 83' lang='lat' dir='ltr'><strong>Scho-</strong></span> <span class='ocrx_word' id='word_1_12' title='bbox 1329 463 1330 466; x_wconf 74' lang='grc'>’</span> 
     </span>
     <span class='ocr_line' id='line_1_3' title="bbox 242 523 1229 599; baseline -0.008 -15"><span class='ocrx_word' id='word_1_13' title='bbox 242 531 286 585; x_wconf 92' lang='lat' dir='ltr'><strong>liis</strong></span> <span class='ocrx_word' id='word_1_14' title='bbox 299 528 423 599; x_wconf 83' lang='lat' dir='ltr'><strong>legimus,</strong></span> <span class='ocrx_word' id='word_1_15' title='bbox 437 528 608 583; x_wconf 89' lang='lat' dir='ltr'><strong>Zenodotum</strong></span> <span class='ocrx_word' id='word_1_16' title='bbox 621 532 649 581; x_wconf 89' lang='lat' dir='ltr'><strong>et</strong></span> <span class='ocrx_word' id='word_1_17' title='bbox 658 523 871 594; x_wconf 74' lang='lat' dir='ltr'><strong>Aristophanem</strong></span> <span class='ocrx_word' id='word_1_18' title='bbox 880 525 983 598; x_wconf 89' lang='lat' dir='ltr'><strong>aliquid</strong></span> <span class='ocrx_word' id='word_1_19' title='bbox 995 523 1229 594; x_wconf 70' lang='grc' dir='ltr'><strong><em>προηθετηκέναι</em></strong></span> 
     </span>
     <span class='ocr_line' id='line_1_4' title="bbox 242 601 1227 672; baseline 0.001 -13"><span class='ocrx_word' id='word_1_20' title='bbox 242 607 260 660; x_wconf 92' lang='lat' dir='ltr'><strong>i.</strong></span> <span class='ocrx_word' id='word_1_21' title='bbox 282 622 306 660; x_wconf 86' lang='lat' dir='ltr'><strong>e.</strong></span> <span class='ocrx_word' id='word_1_22' title='bbox 327 611 387 658; x_wconf 80' lang='lat' dir='ltr'><strong>ante</strong></span> <span class='ocrx_word' id='word_1_23' title='bbox 406 604 554 671; x_wconf 77' lang='lat' dir='ltr'><strong>natavisse,</strong></span> <span class='ocrx_word' id='word_1_24' title='bbox 582 604 684 658; x_wconf 81' lang='lat' dir='ltr'><strong>obelum</strong></span> <span class='ocrx_word' id='word_1_25' title='bbox 703 601 924 672; x_wconf 54' lang='lat' dir='ltr'><strong>urstoeepusecm</strong></span> <span class='ocrx_word' id='word_1_26' title='bbox 957 601 1063 658; x_wconf 77' lang='lat' dir='ltr'><strong>Cuius?</strong></span> <span class='ocrx_word' id='word_1_27' title='bbox 1093 604 1227 660; x_wconf 89' lang='lat' dir='ltr'><strong>obsecro.</strong></span> 
     </span>
     <span class='ocr_line' id='line_1_5' title="bbox 241 678 1226 753; baseline -0.004 -15"><span class='ocrx_word' id='word_1_28' title='bbox 241 683 315 738; x_wconf 90' lang='lat' dir='ltr'><strong>Num</strong></span> <span class='ocrx_word' id='word_1_29' title='bbox 334 681 493 753; x_wconf 89' lang='lat' dir='ltr'><strong>cuiusquam</strong></span> <span class='ocrx_word' id='word_1_30' title='bbox 513 681 583 735; x_wconf 83' lang='lat' dir='ltr'><strong>atius</strong></span> <span class='ocrx_word' id='word_1_31' title='bbox 603 697 684 750; x_wconf 87' lang='lat' dir='ltr'><strong>quam</strong></span> <span class='ocrx_word' id='word_1_32' title='bbox 705 678 771 746; x_wconf 88' lang='lat' dir='ltr'><strong>eius,</strong></span> <span class='ocrx_word' id='word_1_33' title='bbox 792 679 839 748; x_wconf 88' lang='lat' dir='ltr'><strong>qui</strong></span> <span class='ocrx_word' id='word_1_34' title='bbox 860 695 927 734; x_wconf 90' lang='lat' dir='ltr'><strong>unus</strong></span> <span class='ocrx_word' id='word_1_35' title='bbox 947 679 1146 735; x_wconf 90' lang='lat' dir='ltr'><strong>studiosissime</strong></span> <span class='ocrx_word' id='word_1_36' title='bbox 1165 682 1226 734; x_wconf 86' lang='lat' dir='ltr'><strong>Ho-</strong></span> 
     </span>
     <span class='ocr_line' id='line_1_6' title="bbox 242 756 1225 827; baseline -0.002 -15"><span class='ocrx_word' id='word_1_37' title='bbox 242 775 314 812; x_wconf 82' lang='lat' dir='ltr'><strong>mero</strong></span> <span class='ocrx_word' id='word_1_38' title='bbox 334 757 432 811; x_wconf 73' lang='lat' dir='ltr'><strong>mdum</strong></span> <span class='ocrx_word' id='word_1_39' title='bbox 452 757 600 827; x_wconf 63' lang='lat' dir='ltr'><strong>quaesisse,</strong></span> <span class='ocrx_word' id='word_1_40' title='bbox 622 757 772 822; x_wconf 78' lang='lat' dir='ltr'><strong>obuiosque,</strong></span> <span class='ocrx_word' id='word_1_41' title='bbox 793 756 949 824; x_wconf 74' lang='lat' dir='ltr'><strong>spuriorum</strong></span> <span class='ocrx_word' id='word_1_42' title='bbox 967 756 1097 825; x_wconf 79' lang='lat' dir='ltr'><strong>stigmata</strong></span> <span class='ocrx_word' id='word_1_43' title='bbox 1117 765 1225 824; x_wconf 79' lang='lat' dir='ltr'><strong>uatum,</strong></span> 
     </span>
     <span class='ocr_line' id='line_1_7' title="bbox 240 830 1222 905; baseline 0.002 -18"><span class='ocrx_word' id='word_1_44' title='bbox 240 833 439 905; x_wconf 85' lang='lat' dir='ltr'><strong>propemodum</strong></span> <span class='ocrx_word' id='word_1_45' title='bbox 459 833 593 890; x_wconf 88' lang='lat' dir='ltr'><strong>invenisse</strong></span> <span class='ocrx_word' id='word_1_46' title='bbox 613 833 732 889; x_wconf 89' lang='lat' dir='ltr'><strong>creditus</strong></span> <span class='ocrx_word' id='word_1_47' title='bbox 753 830 814 884; x_wconf 76' lang='lat' dir='ltr'><strong>eet?</strong></span> <span class='ocrx_word' id='word_1_48' title='bbox 851 832 934 886; x_wconf 89' lang='lat' dir='ltr'><strong>Haud</strong></span> <span class='ocrx_word' id='word_1_49' title='bbox 954 848 1050 887; x_wconf 88' lang='lat' dir='ltr'><strong>vereor</strong></span> <span class='ocrx_word' id='word_1_50' title='bbox 1069 833 1163 903; x_wconf 90' lang='lat' dir='ltr'><strong>igitur,</strong></span> <span class='ocrx_word' id='word_1_51' title='bbox 1186 851 1222 889; x_wconf 87' lang='lat' dir='ltr'><strong>ne</strong></span> 
     </span>
     <span class='ocr_line' id='line_1_8' title="bbox 242 908 1225 979; baseline -0.002 -14"><span class='ocrx_word' id='word_1_52' title='bbox 242 911 399 966; x_wconf 85' lang='lat' dir='ltr'><strong>coniectura</strong></span> <span class='ocrx_word' id='word_1_53' title='bbox 419 912 556 979; x_wconf 86' lang='lat' dir='ltr'><strong>aberrem,</strong></span> <span class='ocrx_word' id='word_1_54' title='bbox 583 910 607 963; x_wconf 90' lang='lat' dir='ltr'><strong>si</strong></span> <span class='ocrx_word' id='word_1_55' title='bbox 632 910 717 963; x_wconf 90' lang='lat' dir='ltr'><strong>multo</strong></span> <span class='ocrx_word' id='word_1_56' title='bbox 741 908 871 962; x_wconf 89' lang='lat' dir='ltr'><strong>maiorem</strong></span> <span class='ocrx_word' id='word_1_57' title='bbox 891 914 996 979; x_wconf 91' lang='lat' dir='ltr'><strong>partem</strong></span> <span class='ocrx_word' id='word_1_58' title='bbox 1016 910 1132 963; x_wconf 89' lang='lat' dir='ltr'><strong>istorum</strong></span> <span class='ocrx_word' id='word_1_59' title='bbox 1154 911 1225 964; x_wconf 91' lang='lat' dir='ltr'><strong>obe-</strong></span> 
     </span>
    </p>
   </div>
   <div class='ocr_carea' id='block_1_3' title="bbox 240 984 1330 1286">
    <p class='ocr_par' dir='ltr' id='par_1_3' title="bbox 240 984 1330 1286">
     <span class='ocr_line' id='line_1_9' title="bbox 240 984 1330 1056; baseline 0 -16"><span class='ocrx_word' id='word_1_60' title='bbox 240 987 329 1040; x_wconf 93' lang='lat' dir='ltr'><strong>lorum</strong></span> <span class='ocrx_word' id='word_1_61' title='bbox 354 987 389 1042; x_wconf 89' lang='lat' dir='ltr'><strong>ad</strong></span> <span class='ocrx_word' id='word_1_62' title='bbox 411 985 601 1042; x_wconf 81' lang='lat' dir='ltr'><strong>Aristarchum</strong></span> <span class='ocrx_word' id='word_1_63' title='bbox 625 985 760 1056; x_wconf 89' lang='lat' dir='ltr'><strong>pertinere</strong></span> <span class='ocrx_word' id='word_1_64' title='bbox 781 984 877 1040; x_wconf 86' lang='lat' dir='ltr'><strong>dicem.</strong></span> <span class='ocrx_word' id='word_1_65' title='bbox 917 986 990 1042; x_wconf 88' lang='lat' dir='ltr'><strong>Nam</strong></span> <span class='ocrx_word' id='word_1_66' title='bbox 1009 985 1132 1040; x_wconf 87' lang='lat' dir='ltr'>nonnulli</span> <span class='ocrx_word' id='word_1_67' title='bbox 1153 1001 1226 1041; x_wconf 87' lang='lat' dir='ltr'><strong>ssne</strong></span> <span class='ocrx_word' id='word_1_68' title='bbox 1329 987 1330 1052; x_wconf 67' lang='lat' dir='ltr'>J</span> 
     </span>
     <span class='ocr_line' id='line_1_10' title="bbox 240 1059 1330 1132; baseline -0.002 -14"><span class='ocrx_word' id='word_1_69' title='bbox 240 1062 327 1118; x_wconf 85' lang='lat' dir='ltr'><strong>videri</strong></span> <span class='ocrx_word' id='word_1_70' title='bbox 346 1063 452 1132; x_wconf 81' lang='lat' dir='ltr'>possint</span> <span class='ocrx_word' id='word_1_71' title='bbox 471 1061 620 1119; x_wconf 82' lang='lat' dir='ltr'><strong>Aristonici</strong></span> <span class='ocrx_word' id='word_1_72' title='bbox 641 1079 700 1117; x_wconf 90' lang='lat' dir='ltr'><strong>esse</strong></span> <span class='ocrx_word' id='word_1_73' title='bbox 721 1061 765 1115; x_wconf 93' lang='lat' dir='ltr'><strong>vel</strong></span> <span class='ocrx_word' id='word_1_74' title='bbox 784 1060 899 1117; x_wconf 86' lang='lat' dir='ltr'><strong>aliorum</strong></span> <span class='ocrx_word' id='word_1_75' title='bbox 920 1063 1000 1116; x_wconf 86' lang='lat' dir='ltr'><strong>etiarn</strong></span> <span class='ocrx_word' id='word_1_76' title='bbox 1024 1061 1222 1131; x_wconf 76' lang='lat' dir='ltr'><strong>antiquiorum,</strong></span> <span class='ocrx_word' id='word_1_77' title='bbox 1329 1059 1330 1130; x_wconf 70' lang='grc'><strong>1</strong></span> 
     </span>
     <span class='ocr_line' id='line_1_11' title="bbox 241 1135 1330 1209; baseline 0.005 -22"><span class='ocrx_word' id='word_1_78' title='bbox 241 1156 357 1209; x_wconf 83' lang='lat' dir='ltr'><strong>qnorum</strong></span> <span class='ocrx_word' id='word_1_79' title='bbox 382 1140 539 1209; x_wconf 76' lang='lat' dir='ltr'><strong>memoriam</strong></span> <span class='ocrx_word' id='word_1_80' title='bbox 564 1135 717 1205; x_wconf 78' lang='grc' dir='ltr'><strong><em>παράδοσις</em></strong></span> <span class='ocrx_word' id='word_1_81' title='bbox 743 1136 872 1192; x_wconf 77' lang='lat' dir='ltr'><strong>obruerit.</strong></span> <span class='ocrx_word' id='word_1_82' title='bbox 914 1137 957 1192; x_wconf 93' lang='lat' dir='ltr'><strong>Ac</strong></span> <span class='ocrx_word' id='word_1_83' title='bbox 982 1137 1075 1208; x_wconf 81' lang='lat' dir='ltr'><strong>cupiat</strong></span> <span class='ocrx_word' id='word_1_84' title='bbox 1102 1139 1141 1193; x_wconf 77' lang='lat' dir='ltr'><strong>isa</strong></span> <span class='ocrx_word' id='word_1_85' title='bbox 1165 1155 1225 1194; x_wconf 84' lang='lat' dir='ltr'><strong>rem</strong></span> <span class='ocrx_word' id='word_1_86' title='bbox 1329 1151 1330 1204; x_wconf 61' lang='grc'><strong>1</strong></span> 
     </span>
     <span class='ocr_line' id='line_1_12' title="bbox 242 1213 1224 1286; baseline 0 -16"><span class='ocrx_word' id='word_1_87' title='bbox 242 1231 311 1284; x_wconf 86' lang='lat' dir='ltr'><strong>esse,</strong></span> <span class='ocrx_word' id='word_1_88' title='bbox 333 1215 456 1285; x_wconf 89' lang='lat' dir='ltr'><strong>quisquis</strong></span> <span class='ocrx_word' id='word_1_89' title='bbox 476 1216 551 1271; x_wconf 84' lang='lat' dir='ltr'><strong>favet</strong></span> <span class='ocrx_word' id='word_1_90' title='bbox 571 1232 669 1286; x_wconf 90' lang='lat' dir='ltr'><strong>magno</strong></span> <span class='ocrx_word' id='word_1_91' title='bbox 689 1213 808 1268; x_wconf 88' lang='lat' dir='ltr'><strong>nomini:</strong></span> <span class='ocrx_word' id='word_1_92' title='bbox 833 1214 903 1270; x_wconf 88' lang='lat' dir='ltr'><strong>adeo</strong></span> <span class='ocrx_word' id='word_1_93' title='bbox 930 1213 1030 1270; x_wconf 91' lang='lat' dir='ltr'><strong>inillis</strong></span> <span class='ocrx_word' id='word_1_94' title='bbox 1051 1215 1138 1270; x_wconf 90' lang='lat' dir='ltr'><strong>multa</strong></span> <span class='ocrx_word' id='word_1_95' title='bbox 1159 1221 1224 1270; x_wconf 89' lang='lat' dir='ltr'><strong>sunt</strong></span> 
     </span>
    </p>
   </div>
   <div class='ocr_carea' id='block_1_4' title="bbox 241 1290 1330 1514">
    <p class='ocr_par' dir='ltr' id='par_1_4' title="bbox 241 1290 1330 1514">
     <span class='ocr_line' id='line_1_13' title="bbox 241 1290 1330 1370; baseline -0.002 -24"><span class='ocrx_word' id='word_1_96' title='bbox 241 1290 389 1361; x_wconf 75' lang='lat' dir='ltr'><strong>specimina</strong></span> <span class='ocrx_word' id='word_1_97' title='bbox 409 1293 586 1362; x_wconf 76' lang='lat' dir='ltr'><strong>pravissimae</strong></span> <span class='ocrx_word' id='word_1_98' title='bbox 606 1291 775 1346; x_wconf 90' lang='lat' dir='ltr'><strong>temeritatis.</strong></span> <span class='ocrx_word' id='word_1_99' title='bbox 1329 1333 1330 1370; x_wconf 40' lang='lat' dir='ltr'><strong>p</strong></span> 
     </span>
     <span class='ocr_line' id='line_1_14' title="bbox 320 1362 1330 1437; baseline 0.005 -16"><span class='ocrx_word' id='word_1_100' title='bbox 320 1367 429 1422; x_wconf 84' lang='lat' dir='ltr'><strong>Etenim</strong></span> <span class='ocrx_word' id='word_1_101' title='bbox 448 1385 542 1423; x_wconf 88' lang='lat' dir='ltr'><strong>versus</strong></span> <span class='ocrx_word' id='word_1_102' title='bbox 562 1371 589 1423; x_wconf 93' lang='lat' dir='ltr'><strong>in</strong></span> <span class='ocrx_word' id='word_1_103' title='bbox 608 1367 703 1422; x_wconf 87' lang='lat' dir='ltr'><strong>codice</strong></span> <span class='ocrx_word' id='word_1_104' title='bbox 717 1362 898 1428; x_wconf 71' lang='grc' dir='ltr'><em>ὠβελισμένοι</em></span> <span class='ocrx_word' id='word_1_105' title='bbox 911 1373 974 1422; x_wconf 90' lang='lat' dir='ltr'><strong>eunt</strong></span> <span class='ocrx_word' id='word_1_106' title='bbox 987 1367 1135 1422; x_wconf 81' lang='lat' dir='ltr'><strong>admodum</strong></span> <span class='ocrx_word' id='word_1_107' title='bbox 1149 1367 1223 1437; x_wconf 77' lang='grc' dir='ltr'><strong>27ος</strong></span> <span class='ocrx_word' id='word_1_108' title='bbox 1329 1373 1330 1386; x_wconf 73' lang='grc'>’</span> 
     </span>
     <span class='ocr_line' id='line_1_15' title="bbox 241 1444 1223 1514; baseline 0 -16"><span class='ocrx_word' id='word_1_109' title='bbox 241 1459 422 1514; x_wconf 86' lang='lat' dir='ltr'><strong>numerusque</strong></span> <span class='ocrx_word' id='word_1_110' title='bbox 443 1445 561 1500; x_wconf 88' lang='lat' dir='ltr'><strong>fortasse</strong></span> <span class='ocrx_word' id='word_1_111' title='bbox 581 1444 723 1514; x_wconf 86' lang='lat' dir='ltr'><strong>aliquanto</strong></span> <span class='ocrx_word' id='word_1_112' title='bbox 743 1444 830 1499; x_wconf 88' lang='lat' dir='ltr'><strong>maior</strong></span> <span class='ocrx_word' id='word_1_113' title='bbox 843 1450 924 1510; x_wconf 89' lang='lat' dir='ltr'><strong>esset,</strong></span> <span class='ocrx_word' id='word_1_114' title='bbox 945 1445 968 1498; x_wconf 92' lang='lat' dir='ltr'><strong>si</strong></span> <span class='ocrx_word' id='word_1_115' title='bbox 988 1444 1076 1499; x_wconf 85' lang='lat' dir='ltr'><strong>codex</strong></span> <span class='ocrx_word' id='word_1_116' title='bbox 1095 1451 1223 1499; x_wconf 86' lang='lat' dir='ltr'><strong>servatus</strong></span> 
     </span>
    </p>
   </div>
   <div class='ocr_carea' id='block_1_5' title="bbox 239 1520 1330 1746">
    <p class='ocr_par' dir='ltr' id='par_1_5' title="bbox 239 1520 1330 1746">
     <span class='ocr_line' id='line_1_16' title="bbox 242 1520 1330 1591; baseline 0 -17"><span class='ocrx_word' id='word_1_117' title='bbox 242 1525 316 1575; x_wconf 90' lang='lat' dir='ltr'><strong>esset</strong></span> <span class='ocrx_word' id='word_1_118' title='bbox 334 1520 447 1591; x_wconf 85' lang='lat' dir='ltr'><strong>integer.</strong></span> <span class='ocrx_word' id='word_1_119' title='bbox 483 1520 614 1577; x_wconf 77' lang='lat' dir='ltr'><strong>Attamen</strong></span> <span class='ocrx_word' id='word_1_120' title='bbox 635 1538 668 1575; x_wconf 90' lang='lat' dir='ltr'><strong>ne</strong></span> <span class='ocrx_word' id='word_1_121' title='bbox 689 1520 766 1574; x_wconf 91' lang='lat' dir='ltr'><strong>illum</strong></span> <span class='ocrx_word' id='word_1_122' title='bbox 787 1520 896 1590; x_wconf 90' lang='lat' dir='ltr'><strong>quidem</strong></span> <span class='ocrx_word' id='word_1_123' title='bbox 916 1538 1056 1575; x_wconf 88' lang='lat' dir='ltr'><strong>nnmerum</strong></span> <span class='ocrx_word' id='word_1_124' title='bbox 1077 1538 1126 1590; x_wconf 90' lang='lat' dir='ltr'><strong>per</strong></span> <span class='ocrx_word' id='word_1_125' title='bbox 1139 1539 1170 1576; x_wconf 90' lang='lat' dir='ltr'><strong>ee</strong></span> <span class='ocrx_word' id='word_1_126' title='bbox 1184 1523 1223 1575; x_wconf 91' lang='lat' dir='ltr'><strong>ni·</strong></span> <span class='ocrx_word' id='word_1_127' title='bbox 1329 1567 1330 1588; x_wconf 58' lang='grc'>,</span> 
     </span>
     <span class='ocr_line' id='line_1_17' title="bbox 239 1595 1330 1668; baseline 0.002 -19"><span class='ocrx_word' id='word_1_128' title='bbox 239 1595 323 1650; x_wconf 90' lang='lat' dir='ltr'><strong>mium</strong></span> <span class='ocrx_word' id='word_1_129' title='bbox 348 1602 441 1666; x_wconf 89' lang='lat' dir='ltr'><strong>putem</strong></span> <span class='ocrx_word' id='word_1_130' title='bbox 464 1615 514 1668; x_wconf 90' lang='lat' dir='ltr'><strong>pro</strong></span> <span class='ocrx_word' id='word_1_131' title='bbox 541 1598 614 1654; x_wconf 84' lang='lat' dir='ltr'><strong>fama</strong></span> <span class='ocrx_word' id='word_1_132' title='bbox 640 1597 713 1652; x_wconf 88' lang='lat' dir='ltr'><strong>obeli</strong></span> <span class='ocrx_word' id='word_1_133' title='bbox 739 1596 916 1650; x_wconf 76' lang='lat' dir='ltr'><strong>Aristarchei.</strong></span> <span class='ocrx_word' id='word_1_134' title='bbox 965 1597 1047 1651; x_wconf 89' lang='lat' dir='ltr'><strong>Hunc</strong></span> <span class='ocrx_word' id='word_1_135' title='bbox 1072 1602 1164 1652; x_wconf 90' lang='lat' dir='ltr'><strong>autem</strong></span> <span class='ocrx_word' id='word_1_136' title='bbox 1192 1603 1223 1651; x_wconf 91' lang='lat' dir='ltr'><strong>ut</strong></span> <span class='ocrx_word' id='word_1_137' title='bbox 1329 1605 1330 1624; x_wconf 75' lang='lat'>³</span> 
     </span>
     <span class='ocr_line' id='line_1_18' title="bbox 243 1673 1330 1746; baseline 0.002 -20"><span class='ocrx_word' id='word_1_138' title='bbox 243 1688 449 1743; x_wconf 84' lang='lat' dir='ltr'><strong>cognoscamus,</strong></span> <span class='ocrx_word' id='word_1_139' title='bbox 469 1691 581 1729; x_wconf 90' lang='lat' dir='ltr'><strong>necesse</strong></span> <span class='ocrx_word' id='word_1_140' title='bbox 602 1680 643 1729; x_wconf 90' lang='lat' dir='ltr'><strong>est</strong></span> <span class='ocrx_word' id='word_1_141' title='bbox 664 1673 730 1728; x_wconf 85' lang='lat' dir='ltr'><strong>talia</strong></span> <span class='ocrx_word' id='word_1_142' title='bbox 743 1690 904 1743; x_wconf 89' lang='lat' dir='ltr'><strong>quaeramus</strong></span> <span class='ocrx_word' id='word_1_143' title='bbox 919 1674 1052 1744; x_wconf 90' lang='lat' dir='ltr'><strong>exempla,</strong></span> <span class='ocrx_word' id='word_1_144' title='bbox 1074 1691 1145 1742; x_wconf 84' lang='lat' dir='ltr'><strong>quae</strong></span> <span class='ocrx_word' id='word_1_145' title='bbox 1160 1674 1223 1729; x_wconf 90' lang='lat' dir='ltr'><strong>Ari·</strong></span> <span class='ocrx_word' id='word_1_146' title='bbox 1329 1703 1330 1746; x_wconf 69' lang='lat'>3</span> 
     </span>
    </p>
   </div>
   <div class='ocr_carea' id='block_1_6' title="bbox 158 1748 1330 1820">
    <p class='ocr_par' dir='ltr' id='par_1_6' title="bbox 158 1748 1330 1820">
     <span class='ocr_line' id='line_1_19' title="bbox 158 1748 1330 1820; baseline 0.004 -17"><span class='ocrx_word' id='word_1_147' title='bbox 158 1771 162 1780; x_wconf 75' lang='grc'><strong>’</strong></span> <span class='ocrx_word' id='word_1_148' title='bbox 243 1748 353 1803; x_wconf 85' lang='lat' dir='ltr'><strong>starcho</strong></span> <span class='ocrx_word' id='word_1_149' title='bbox 374 1754 450 1805; x_wconf 89' lang='lat' dir='ltr'><strong>certa</strong></span> <span class='ocrx_word' id='word_1_150' title='bbox 468 1749 523 1806; x_wconf 91' lang='lat' dir='ltr'><strong>fide</strong></span> <span class='ocrx_word' id='word_1_151' title='bbox 543 1750 742 1806; x_wconf 89' lang='lat' dir='ltr'><strong>adscribuntur.</strong></span> <span class='ocrx_word' id='word_1_152' title='bbox 782 1749 879 1820; x_wconf 88' lang='lat' dir='ltr'><strong>Neque</strong></span> <span class='ocrx_word' id='word_1_153' title='bbox 905 1749 932 1802; x_wconf 91' lang='lat' dir='ltr'><strong>in</strong></span> <span class='ocrx_word' id='word_1_154' title='bbox 952 1749 985 1803; x_wconf 90' lang='lat' dir='ltr'><strong>iis</strong></span> <span class='ocrx_word' id='word_1_155' title='bbox 1004 1750 1070 1819; x_wconf 90' lang='lat' dir='ltr'><strong>ipsis</strong></span> <span class='ocrx_word' id='word_1_156' title='bbox 1089 1749 1159 1803; x_wconf 90' lang='lat' dir='ltr'><strong>nihil</strong></span> <span class='ocrx_word' id='word_1_157' title='bbox 1179 1768 1222 1805; x_wconf 91' lang='lat' dir='ltr'><strong>re·</strong></span> <span class='ocrx_word' id='word_1_158' title='bbox 1329 1773 1330 1808; x_wconf 63' lang='grc' dir='ltr'>ι</span> 
     </span>
    </p>
   </div>
   <div class='ocr_carea' id='block_1_7' title="bbox 239 1825 1223 2048">
    <p class='ocr_par' dir='ltr' id='par_1_7' title="bbox 239 1825 1223 2048">
     <span class='ocr_line' id='line_1_20' title="bbox 242 1825 1223 1897; baseline 0.002 -19"><span class='ocrx_word' id='word_1_159' title='bbox 242 1825 355 1895; x_wconf 86' lang='lat' dir='ltr'><strong>peritur,</strong></span> <span class='ocrx_word' id='word_1_160' title='bbox 378 1827 452 1894; x_wconf 92' lang='lat' dir='ltr'><strong>quod</strong></span> <span class='ocrx_word' id='word_1_161' title='bbox 471 1827 564 1896; x_wconf 89' lang='lat' dir='ltr'><strong>nobis,</strong></span> <span class='ocrx_word' id='word_1_162' title='bbox 591 1828 638 1897; x_wconf 93' lang='lat' dir='ltr'><strong>qui</strong></span> <span class='ocrx_word' id='word_1_163' title='bbox 663 1843 713 1880; x_wconf 88' lang='lat' dir='ltr'><strong>nec</strong></span> <span class='ocrx_word' id='word_1_164' title='bbox 733 1826 823 1880; x_wconf 84' lang='lat' dir='ltr'><strong>fontes</strong></span> <span class='ocrx_word' id='word_1_165' title='bbox 844 1827 915 1892; x_wconf 88' lang='lat' dir='ltr'><strong>eius,</strong></span> <span class='ocrx_word' id='word_1_166' title='bbox 941 1843 992 1880; x_wconf 92' lang='lat' dir='ltr'><strong>nec</strong></span> <span class='ocrx_word' id='word_1_167' title='bbox 1017 1843 1114 1882; x_wconf 85' lang='lat' dir='ltr'><strong>causas</strong></span> <span class='ocrx_word' id='word_1_168' title='bbox 1140 1828 1223 1880; x_wconf 88' lang='lat' dir='ltr'><strong>casti·</strong></span> 
     </span>
     <span class='ocr_line' id='line_1_21' title="bbox 242 1900 1223 1974; baseline 0.002 -19"><span class='ocrx_word' id='word_1_169' title='bbox 242 1900 360 1972; x_wconf 85' lang='lat' dir='ltr'><strong>gationis</strong></span> <span class='ocrx_word' id='word_1_170' title='bbox 381 1919 474 1957; x_wconf 89' lang='lat' dir='ltr'><strong>omnes</strong></span> <span class='ocrx_word' id='word_1_171' title='bbox 494 1905 633 1971; x_wconf 88' lang='lat' dir='ltr'><strong>novimus,</strong></span> <span class='ocrx_word' id='word_1_172' title='bbox 658 1903 832 1958; x_wconf 89' lang='lat' dir='ltr'><strong>temerarium</strong></span> <span class='ocrx_word' id='word_1_173' title='bbox 852 1908 879 1957; x_wconf 89' lang='lat' dir='ltr'><strong>et</strong></span> <span class='ocrx_word' id='word_1_174' title='bbox 899 1902 935 1957; x_wconf 89' lang='lat' dir='ltr'><strong>ab</strong></span> <span class='ocrx_word' id='word_1_175' title='bbox 955 1902 1055 1974; x_wconf 85' lang='lat' dir='ltr'><strong>insigni</strong></span> <span class='ocrx_word' id='word_1_176' title='bbox 1075 1903 1223 1957; x_wconf 88' lang='lat' dir='ltr'><strong>insolentie</strong></span> 
     </span>
     <span class='ocr_line' id='line_1_22' title="bbox 239 1977 1220 2048; baseline 0.002 -17"><span class='ocrx_word' id='word_1_177' title='bbox 239 1978 393 2048; x_wconf 88' lang='lat' dir='ltr'><strong>profectum</strong></span> <span class='ocrx_word' id='word_1_178' title='bbox 412 1979 499 2034; x_wconf 87' lang='lat' dir='ltr'><strong>videri</strong></span> <span class='ocrx_word' id='word_1_179' title='bbox 520 1980 626 2035; x_wconf 88' lang='lat' dir='ltr'><strong>debeat.</strong></span> <span class='ocrx_word' id='word_1_180' title='bbox 667 1979 770 2034; x_wconf 92' lang='lat' dir='ltr'><strong>Verum</strong></span> <span class='ocrx_word' id='word_1_181' title='bbox 791 1995 845 2032; x_wconf 89' lang='lat' dir='ltr'><strong>non</strong></span> <span class='ocrx_word' id='word_1_182' title='bbox 865 1985 907 2032; x_wconf 90' lang='lat' dir='ltr'><strong>est</strong></span> <span class='ocrx_word' id='word_1_183' title='bbox 927 1979 1006 2033; x_wconf 93' lang='lat' dir='ltr'><strong>huius</strong></span> <span class='ocrx_word' id='word_1_184' title='bbox 1026 1979 1090 2047; x_wconf 90' lang='lat' dir='ltr'><strong>loci,</strong></span> <span class='ocrx_word' id='word_1_185' title='bbox 1111 1979 1146 2034; x_wconf 91' lang='lat' dir='ltr'><strong>de</strong></span> <span class='ocrx_word' id='word_1_186' title='bbox 1166 1977 1220 2033; x_wconf 91' lang='lat' dir='ltr'><strong>hoc</strong></span> 
     </span>
    </p>
   </div>
   <div class='ocr_carea' id='block_1_8' title="bbox 241 2054 1330 2127">
    <p class='ocr_par' dir='ltr' id='par_1_8' title="bbox 241 2054 1330 2127">
     <span class='ocr_line' id='line_1_23' title="bbox 241 2054 1330 2127; baseline 0 -19"><span class='ocrx_word' id='word_1_187' title='bbox 241 2070 340 2124; x_wconf 84' lang='lat' dir='ltr'><strong>genere</strong></span> <span class='ocrx_word' id='word_1_188' title='bbox 366 2061 492 2110; x_wconf 88' lang='lat' dir='ltr'><strong>accurate</strong></span> <span class='ocrx_word' id='word_1_189' title='bbox 517 2056 670 2127; x_wconf 86' lang='lat' dir='ltr'><strong>disputare:</strong></span> <span class='ocrx_word' id='word_1_190' title='bbox 701 2057 794 2126; x_wconf 84' lang='lat' dir='ltr'><strong>itaque</strong></span> <span class='ocrx_word' id='word_1_191' title='bbox 824 2055 934 2125; x_wconf 89' lang='lat' dir='ltr'><strong>potiora</strong></span> <span class='ocrx_word' id='word_1_192' title='bbox 963 2054 1099 2125; x_wconf 87' lang='lat' dir='ltr'><strong>quaedam</strong></span> <span class='ocrx_word' id='word_1_193' title='bbox 1123 2056 1222 2111; x_wconf 85' lang='lat' dir='ltr'><strong>leviter</strong></span> <span class='ocrx_word' id='word_1_194' title='bbox 1329 2101 1330 2108; x_wconf 72' lang='grc'>,</span> 
     </span>
    </p>
   </div>
   <div class='ocr_carea' id='block_1_9' title="bbox 240 2131 1221 2584">
    <p class='ocr_par' dir='ltr' id='par_1_9' title="bbox 240 2131 462 2201">
     <span class='ocr_line' id='line_1_24' title="bbox 240 2131 462 2201; baseline 0.009 -17"><span class='ocrx_word' id='word_1_195' title='bbox 240 2131 462 2201; x_wconf 84' lang='lat' dir='ltr'><strong>perstringamus.</strong></span> 
     </span>
    </p>

    <p class='ocr_par' dir='ltr' id='par_1_10' title="bbox 241 2203 1221 2584">
     <span class='ocr_line' id='line_1_25' title="bbox 320 2203 1221 2276; baseline 0.003 -15"><span class='ocrx_word' id='word_1_196' title='bbox 320 2206 465 2262; x_wconf 79' lang='lat' dir='ltr'><strong>Ordiamur</strong></span> <span class='ocrx_word' id='word_1_197' title='bbox 492 2210 525 2264; x_wconf 91' lang='lat' dir='ltr'><strong>ab</strong></span> <span class='ocrx_word' id='word_1_198' title='bbox 556 2207 697 2276; x_wconf 80' lang='lat' dir='ltr'><strong>extremis,</strong></span> <span class='ocrx_word' id='word_1_199' title='bbox 716 2203 872 2273; x_wconf 70' lang='grc' dir='ltr'><strong><em>Ὁμηρικῶς,</em></strong></span> <span class='ocrx_word' id='word_1_200' title='bbox 893 2213 923 2262; x_wconf 92' lang='lat' dir='ltr'><strong>ut</strong></span> <span class='ocrx_word' id='word_1_201' title='bbox 943 2209 1026 2263; x_wconf 91' lang='lat' dir='ltr'><strong>aiunt.</strong></span> <span class='ocrx_word' id='word_1_202' title='bbox 1066 2209 1141 2264; x_wconf 81' lang='lat' dir='ltr'><strong>Nota</strong></span> <span class='ocrx_word' id='word_1_203' title='bbox 1161 2215 1221 2264; x_wconf 86' lang='lat' dir='ltr'><strong>erat</strong></span> 
     </span>
     <span class='ocr_line' id='line_1_26' title="bbox 241 2279 1219 2350; baseline 0.002 -12"><span class='ocrx_word' id='word_1_204' title='bbox 241 2282 296 2338; x_wconf 88' lang='lat' dir='ltr'><strong>iam</strong></span> <span class='ocrx_word' id='word_1_205' title='bbox 316 2282 417 2338; x_wconf 92' lang='lat' dir='ltr'><strong>dudum</strong></span> <span class='ocrx_word' id='word_1_206' title='bbox 439 2302 472 2340; x_wconf 87' lang='lat' dir='ltr'><strong>ex</strong></span> <span class='ocrx_word' id='word_1_207' title='bbox 486 2286 631 2341; x_wconf 81' lang='lat' dir='ltr'><strong>Eustathio</strong></span> <span class='ocrx_word' id='word_1_208' title='bbox 652 2291 679 2339; x_wconf 93' lang='lat' dir='ltr'><strong>et</strong></span> <span class='ocrx_word' id='word_1_209' title='bbox 699 2285 760 2339; x_wconf 88' lang='lat' dir='ltr'><strong>eliis</strong></span> <span class='ocrx_word' id='word_1_210' title='bbox 774 2279 906 2350; x_wconf 69' lang='grc' dir='ltr'><strong>ἀθέτησις</strong></span> <span class='ocrx_word' id='word_1_211' title='bbox 928 2301 1055 2340; x_wconf 86' lang='lat' dir='ltr'><strong>versuum</strong></span> <span class='ocrx_word' id='word_1_212' title='bbox 1069 2285 1103 2339; x_wconf 91' lang='lat' dir='ltr'><strong>de</strong></span> <span class='ocrx_word' id='word_1_213' title='bbox 1117 2285 1219 2340; x_wconf 90' lang='lat' dir='ltr'><strong>iudicio</strong></span> 
     </span>
     <span class='ocr_line' id='line_1_27' title="bbox 241 2355 1220 2432; baseline 0.004 -20"><span class='ocrx_word' id='word_1_214' title='bbox 241 2357 349 2414; x_wconf 82' lang='lat' dir='ltr'><strong>Paridis</strong></span> <span class='ocrx_word' id='word_1_215' title='bbox 363 2375 392 2408; x_wconf 85' lang='grc' dir='ltr'><strong>ω.</strong></span> <span class='ocrx_word' id='word_1_216' title='bbox 412 2360 532 2431; x_wconf 79' lang='grc'><strong>94-30.,</strong></span> <span class='ocrx_word' id='word_1_217' title='bbox 553 2363 635 2416; x_wconf 91' lang='lat' dir='ltr'><strong>modo</strong></span> <span class='ocrx_word' id='word_1_218' title='bbox 649 2366 745 2416; x_wconf 86' lang='lat' dir='ltr'><strong>auctor</strong></span> <span class='ocrx_word' id='word_1_219' title='bbox 758 2355 921 2426; x_wconf 70' lang='grc' dir='ltr'><em>ἀθετήσεως</em></span> <span class='ocrx_word' id='word_1_220' title='bbox 935 2362 1123 2432; x_wconf 87' lang='lat' dir='ltr'><strong>ignorabatur,</strong></span> <span class='ocrx_word' id='word_1_221' title='bbox 1137 2379 1220 2432; x_wconf 91' lang='lat' dir='ltr'><strong>quern</strong></span> 
     </span>
     <span class='ocr_line' id='line_1_28' title="bbox 242 2433 1219 2510; baseline 0.007 -23"><span class='ocrx_word' id='word_1_222' title='bbox 242 2433 430 2491; x_wconf 86' lang='lat' dir='ltr'><strong>Aristarchum</strong></span> <span class='ocrx_word' id='word_1_223' title='bbox 455 2455 514 2494; x_wconf 90' lang='lat' dir='ltr'><strong>esse</strong></span> <span class='ocrx_word' id='word_1_224' title='bbox 540 2456 611 2493; x_wconf 93' lang='lat' dir='ltr'><strong>nunc</strong></span> <span class='ocrx_word' id='word_1_225' title='bbox 641 2438 828 2507; x_wconf 87' lang='lat' dir='ltr'><strong>comperimus.</strong></span> <span class='ocrx_word' id='word_1_226' title='bbox 875 2437 922 2492; x_wconf 92' lang='lat' dir='ltr'><strong>Ab</strong></span> <span class='ocrx_word' id='word_1_227' title='bbox 950 2455 981 2493; x_wconf 94' lang='lat' dir='ltr'><strong>eo</strong></span> <span class='ocrx_word' id='word_1_228' title='bbox 1008 2438 1091 2510; x_wconf 90' lang='lat' dir='ltr'><strong>igitur</strong></span> <span class='ocrx_word' id='word_1_229' title='bbox 1123 2444 1219 2494; x_wconf 86' lang='lat' dir='ltr'><strong>notata</strong></span> 
     </span>
     <span class='ocr_line' id='line_1_29' title="bbox 242 2513 1218 2584; baseline 0.002 -18"><span class='ocrx_word' id='word_1_230' title='bbox 242 2518 305 2567; x_wconf 88' lang='lat' dir='ltr'><strong>aunt</strong></span> <span class='ocrx_word' id='word_1_231' title='bbox 330 2513 358 2567; x_wconf 91' lang='lat' dir='ltr'><strong>in</strong></span> <span class='ocrx_word' id='word_1_232' title='bbox 383 2513 465 2568; x_wconf 90' lang='lat' dir='ltr'><strong>istum</strong></span> <span class='ocrx_word' id='word_1_233' title='bbox 488 2517 579 2572; x_wconf 90' lang='lat' dir='ltr'><strong>locum</strong></span> <span class='ocrx_word' id='word_1_234' title='bbox 600 2522 627 2571; x_wconf 88' lang='lat' dir='ltr'><strong>et</strong></span> <span class='ocrx_word' id='word_1_235' title='bbox 647 2514 700 2568; x_wconf 87' lang='lat' dir='ltr'><strong>slis</strong></span> <span class='ocrx_word' id='word_1_236' title='bbox 719 2514 853 2584; x_wconf 86' lang='lat' dir='ltr'><strong>quaedam</strong></span> <span class='ocrx_word' id='word_1_237' title='bbox 874 2531 939 2570; x_wconf 86' lang='lat' dir='ltr'><strong>sane</strong></span> <span class='ocrx_word' id='word_1_238' title='bbox 959 2515 1077 2584; x_wconf 80' lang='lat' dir='ltr'><strong>leviore,</strong></span> <span class='ocrx_word' id='word_1_239' title='bbox 1103 2520 1131 2569; x_wconf 88' lang='lat' dir='ltr'><strong>et</strong></span> <span class='ocrx_word' id='word_1_240' title='bbox 1157 2513 1218 2583; x_wconf 85' lang='lat' dir='ltr'><strong>hoc,</strong></span> 
     </span>
    </p>
   </div>
   <div class='ocr_carea' id='block_1_10' title="bbox 242 2651 1330 2824">
    <p class='ocr_par' dir='ltr' id='par_1_11' title="bbox 242 2651 1330 2824">
     <span class='ocr_line' id='line_1_30' title="bbox 311 2651 1330 2758; baseline 0.006 -17"><span class='ocrx_word' id='word_1_241' title='bbox 311 2691 344 2758; x_wconf 63' lang='grc'><strong>57)</strong></span> <span class='ocrx_word' id='word_1_242' title='bbox 362 2691 428 2745; x_wconf 66' lang='lat' dir='ltr'><strong>rrae</strong></span> <span class='ocrx_word' id='word_1_243' title='bbox 446 2691 479 2743; x_wconf 68' lang='lat' dir='ltr'><strong>ao</strong></span> <span class='ocrx_word' id='word_1_244' title='bbox 497 2690 520 2742; x_wconf 82' lang='lat' dir='ltr'><strong>r.</strong></span> <span class='ocrx_word' id='word_1_245' title='bbox 538 2693 598 2748; x_wconf 83' lang='lat'><strong>356.</strong></span> <span class='ocrx_word' id='word_1_246' title='bbox 616 2694 676 2749; x_wconf 78' lang='lat' dir='ltr'><strong>ms.</strong></span> <span class='ocrx_word' id='word_1_247' title='bbox 694 2689 718 2748; x_wconf 77' lang='grc' dir='ltr'><strong>ε.</strong></span> <span class='ocrx_word' id='word_1_248' title='bbox 737 2693 778 2747; x_wconf 77' lang='lat' dir='ltr'><strong>ou</strong></span> <span class='ocrx_word' id='word_1_249' title='bbox 799 2692 857 2746; x_wconf 81' lang='lat' dir='ltr'><strong>ms.</strong></span> <span class='ocrx_word' id='word_1_250' title='bbox 876 2691 1022 2746; x_wconf 74' lang='lat' dir='ltr'><strong>arr-aen.</strong></span> <span class='ocrx_word' id='word_1_251' title='bbox 1041 2709 1065 2742; x_wconf 73' lang='grc' dir='ltr'><strong>ο.</strong></span> <span class='ocrx_word' id='word_1_252' title='bbox 1081 2693 1138 2745; x_wconf 77' lang='lat' dir='ltr'><strong>rar.</strong></span> <span class='ocrx_word' id='word_1_253' title='bbox 1160 2692 1217 2746; x_wconf 79' lang='lat'><strong>148.</strong></span> <span class='ocrx_word' id='word_1_254' title='bbox 1329 2651 1330 2690; x_wconf 61' lang='lat'><em>³</em></span> 
     </span>
     <span class='ocr_line' id='line_1_31' title="bbox 242 2760 1217 2824; baseline 0 -15"><span class='ocrx_word' id='word_1_255' title='bbox 242 2776 268 2810; x_wconf 73' lang='lat'><strong>0.</strong></span> <span class='ocrx_word' id='word_1_256' title='bbox 286 2760 396 2814; x_wconf 86' lang='lat'><strong>39-49.</strong></span> <span class='ocrx_word' id='word_1_257' title='bbox 417 2777 442 2813; x_wconf 71' lang='grc' dir='ltr'><strong>τ.</strong></span> <span class='ocrx_word' id='word_1_258' title='bbox 461 2761 520 2814; x_wconf 76' lang='lat' dir='ltr'><strong>sor.</strong></span> <span class='ocrx_word' id='word_1_259' title='bbox 545 2760 574 2824; x_wconf 80' lang='grc' dir='ltr'><strong>ψ.</strong></span> <span class='ocrx_word' id='word_1_260' title='bbox 593 2763 651 2817; x_wconf 78' lang='lat' dir='ltr'><strong>sm.</strong></span> <span class='ocrx_word' id='word_1_261' title='bbox 677 2763 735 2817; x_wconf 76' lang='lat' dir='ltr'><strong>aas.</strong></span> <span class='ocrx_word' id='word_1_262' title='bbox 760 2778 791 2812; x_wconf 80' lang='grc' dir='ltr'><strong>ω.</strong></span> <span class='ocrx_word' id='word_1_263' title='bbox 809 2762 885 2814; x_wconf 84' lang='lat' dir='ltr'><strong>o-s.</strong></span> <span class='ocrx_word' id='word_1_264' title='bbox 910 2761 1056 2814; x_wconf 75' lang='lat' dir='ltr'><strong>ors-orn</strong></span> <span class='ocrx_word' id='word_1_265' title='bbox 1080 2760 1125 2810; x_wconf 71' lang='lat' dir='ltr'><strong>uu</strong></span> <span class='ocrx_word' id='word_1_266' title='bbox 1150 2767 1217 2820; x_wconf 72' lang='lat' dir='ltr'><strong>soa,</strong></span> 
     </span>
    </p>
   </div>
   <div class='ocr_carea' id='block_1_11' title="bbox 227 2827 1222 3580">
    <p class='ocr_par' dir='ltr' id='par_1_12' title="bbox 227 2827 1222 3580">
     <span class='ocr_line' id='line_1_32' title="bbox 242 2827 1216 2897; baseline -0.002 -18"><span class='ocrx_word' id='word_1_267' title='bbox 242 2828 363 2879; x_wconf 83' lang='lat' dir='ltr'><strong>vocabule</strong></span> <span class='ocrx_word' id='word_1_268' title='bbox 382 2827 491 2896; x_wconf 73' lang='grc' dir='ltr'><em>προηθέ</em></span> <span class='ocrx_word' id='word_1_269' title='bbox 524 2844 569 2878; x_wconf 87' lang='grc' dir='ltr'><strong>ται</strong></span> <span class='ocrx_word' id='word_1_270' title='bbox 586 2847 606 2880; x_wconf 84' lang='lat' dir='ltr'><strong>s.</strong></span> <span class='ocrx_word' id='word_1_271' title='bbox 625 2828 778 2897; x_wconf 69' lang='grc' dir='ltr'><strong><em>προηθεῖτο</em></strong></span> <span class='ocrx_word' id='word_1_272' title='bbox 795 2829 846 2879; x_wconf 84' lang='lat' dir='ltr'><strong>iere</strong></span> <span class='ocrx_word' id='word_1_273' title='bbox 866 2831 1037 2894; x_wconf 88' lang='lat' dir='ltr'><strong>praepositum</strong></span> <span class='ocrx_word' id='word_1_274' title='bbox 1056 2843 1113 2879; x_wconf 89' lang='lat' dir='ltr'><strong>esse</strong></span> <span class='ocrx_word' id='word_1_275' title='bbox 1136 2827 1216 2878; x_wconf 82' lang='lat' dir='ltr'><strong>usita-</strong></span> 
     </span>
     <span class='ocr_line' id='line_1_33' title="bbox 241 2845 1217 2962; baseline -0.003 -14"><span class='ocrx_word' id='word_1_276' title='bbox 241 2896 369 2948; x_wconf 78' lang='lat' dir='ltr'><strong>tissimum</strong></span> <span class='ocrx_word' id='word_1_277' title='bbox 394 2898 458 2948; x_wconf 92' lang='lat' dir='ltr'><strong>illud</strong></span> <span class='ocrx_word' id='word_1_278' title='bbox 481 2845 669 2948; x_wconf 50' lang='lat' dir='ltr'><strong>rideremus.</strong></span> <span class='ocrx_word' id='word_1_279' title='bbox 705 2897 827 2948; x_wconf 74' lang='lat' dir='ltr'><strong>Eiusdem</strong></span> <span class='ocrx_word' id='word_1_280' title='bbox 849 2897 950 2962; x_wconf 86' lang='lat' dir='ltr'><strong>generis</strong></span> <span class='ocrx_word' id='word_1_281' title='bbox 976 2903 1001 2946; x_wconf 86' lang='lat' dir='ltr'><strong>et</strong></span> <span class='ocrx_word' id='word_1_282' title='bbox 1024 2895 1045 2947; x_wconf 88' lang='grc' dir='ltr'>ιί</span> <span class='ocrx_word' id='word_1_283' title='bbox 1084 2895 1217 2948; x_wconf 86' lang='lat' dir='ltr'><strong>ifieationis</strong></span> 
     </span>
     <span class='ocr_line' id='line_1_34' title="bbox 242 2913 1216 3033; baseline -0.003 -18"><span class='ocrx_word' id='word_1_284' title='bbox 242 2971 300 3016; x_wconf 89' lang='lat' dir='ltr'><strong>sunt</strong></span> <span class='ocrx_word' id='word_1_285' title='bbox 317 2964 375 3026; x_wconf 86' lang='lat' dir='ltr'><strong>loci,</strong></span> <span class='ocrx_word' id='word_1_286' title='bbox 393 2965 436 3016; x_wconf 92' lang='lat' dir='ltr'><strong>ubi</strong></span> <span class='ocrx_word' id='word_1_287' title='bbox 454 2973 492 3018; x_wconf 87' lang='lat' dir='ltr'><strong>eet</strong></span> <span class='ocrx_word' id='word_1_288' title='bbox 510 2964 639 3033; x_wconf 70' lang='grc' dir='ltr'><em>ὴθετεῖτο</em></span> <span class='ocrx_word' id='word_1_289' title='bbox 657 2965 713 3016; x_wconf 79' lang='grc' dir='ltr'><strong>καὶ</strong></span> <span class='ocrx_word' id='word_1_290' title='bbox 730 2961 806 3032; x_wconf 80' lang='grc' dir='ltr'><strong><em>παρὰ</em></strong></span> <span class='ocrx_word' id='word_1_291' title='bbox 825 2960 951 3033; x_wconf 78' lang='grc' dir='ltr'><strong><em>Ζηνοδότ</em></strong></span> <span class='ocrx_word' id='word_1_292' title='bbox 974 3002 981 3027; x_wconf 92' lang='grc'><em>,</em></span> <span class='ocrx_word' id='word_1_293' title='bbox 999 2913 1138 3032; x_wconf 57' lang='grc' dir='ltr'><strong>καῗῃπαβ</strong></span> <span class='ocrx_word' id='word_1_294' title='bbox 1151 2960 1216 3030; x_wconf 83' lang='grc' dir='ltr'><strong><em>Ἀρι·</em></strong></span> 
     </span>
     <span class='ocr_line' id='line_1_35' title="bbox 227 3031 1217 3102; baseline -0.001 -19"><span class='ocrx_word' id='word_1_295' title='bbox 227 3033 385 3100; x_wconf 58' lang='lat' dir='ltr'><strong>,scoparet</strong></span> <span class='ocrx_word' id='word_1_296' title='bbox 403 3035 456 3086; x_wconf 87' lang='lat' dir='ltr'><strong>sire</strong></span> <span class='ocrx_word' id='word_1_297' title='bbox 474 3031 609 3102; x_wconf 56' lang='grc' dir='ltr'><strong>0011ὲῆ11,</strong></span> <span class='ocrx_word' id='word_1_298' title='bbox 629 3032 706 3085; x_wconf 79' lang='grc' dir='ltr'><em>οὐδὲ</em></span> <span class='ocrx_word' id='word_1_299' title='bbox 724 3031 877 3101; x_wconf 76' lang='grc' dir='ltr'><strong><em>ἐγράφετο,</em></strong></span> <span class='ocrx_word' id='word_1_300' title='bbox 901 3031 939 3082; x_wconf 83' lang='grc' dir='ltr'><strong>οὐ</strong></span> <span class='ocrx_word' id='word_1_301' title='bbox 967 3031 981 3082; x_wconf 84' lang='grc' dir='ltr'>ὲ</span> <span class='ocrx_word' id='word_1_302' title='bbox 1002 3031 1122 3100; x_wconf 80' lang='grc' dir='ltr'><em>ἐφέρετο</em></span> <span class='ocrx_word' id='word_1_303' title='bbox 1144 3031 1217 3099; x_wconf 82' lang='grc' dir='ltr'><strong><em>παρὰ</em></strong></span> 
     </span>
     <span class='ocr_line' id='line_1_36' title="bbox 242 3097 1215 3170; baseline 0.004 -18"><span class='ocrx_word' id='word_1_304' title='bbox 242 3097 283 3164; x_wconf 90' lang='lat' dir='ltr'><strong>Z.,</strong></span> <span class='ocrx_word' id='word_1_305' title='bbox 301 3102 366 3169; x_wconf 80' lang='grc' dir='ltr'><strong><em>παρ’</em></strong></span> <span class='ocrx_word' id='word_1_306' title='bbox 385 3099 582 3170; x_wconf 83' lang='grc' dir='ltr'><em>Ἀριστοφάνει.</em></span> <span class='ocrx_word' id='word_1_307' title='bbox 618 3103 684 3155; x_wconf 90' lang='lat' dir='ltr'><strong>Vide</strong></span> <span class='ocrx_word' id='word_1_308' title='bbox 703 3103 729 3155; x_wconf 76' lang='grc'><strong>8.</strong></span> <span class='ocrx_word' id='word_1_309' title='bbox 749 3104 806 3156; x_wconf 85' lang='grc'><strong>164.</strong></span> <span class='ocrx_word' id='word_1_310' title='bbox 826 3103 884 3156; x_wconf 92' lang='grc'><strong>189.</strong></span> <span class='ocrx_word' id='word_1_311' title='bbox 904 3102 964 3156; x_wconf 79' lang='grc'><strong>935.</strong></span> <span class='ocrx_word' id='word_1_312' title='bbox 989 3101 1049 3155; x_wconf 80' lang='lat'><strong>284.</strong></span> <span class='ocrx_word' id='word_1_313' title='bbox 1072 3101 1132 3155; x_wconf 83' lang='grc'><strong>371.</strong></span> <span class='ocrx_word' id='word_1_314' title='bbox 1158 3101 1215 3156; x_wconf 79' lang='grc'><strong>598.</strong></span> 
     </span>
     <span class='ocr_line' id='line_1_37' title="bbox 243 3167 1222 3228; baseline 0.001 -8"><span class='ocrx_word' id='word_1_315' title='bbox 243 3187 259 3220; x_wconf 84' lang='grc' dir='ltr'><strong>ι.</strong></span> <span class='ocrx_word' id='word_1_316' title='bbox 280 3171 321 3224; x_wconf 83' lang='grc'><strong>93.</strong></span> <span class='ocrx_word' id='word_1_317' title='bbox 339 3172 398 3226; x_wconf 83' lang='grc'><strong>416.</strong></span> <span class='ocrx_word' id='word_1_318' title='bbox 433 3187 456 3224; x_wconf 84' lang='grc' dir='ltr'><strong>κ.</strong></span> <span class='ocrx_word' id='word_1_319' title='bbox 475 3173 533 3227; x_wconf 82' lang='grc'><strong>940.</strong></span> <span class='ocrx_word' id='word_1_320' title='bbox 552 3171 610 3226; x_wconf 86' lang='grc'><strong>387.</strong></span> <span class='ocrx_word' id='word_1_321' title='bbox 629 3173 688 3227; x_wconf 88' lang='grc'><strong>397.</strong></span> <span class='ocrx_word' id='word_1_322' title='bbox 705 3173 765 3228; x_wconf 81' lang='grc'><strong>498.</strong></span> <span class='ocrx_word' id='word_1_323' title='bbox 801 3167 825 3222; x_wconf 76' lang='grc' dir='ltr'><strong>λ.</strong></span> <span class='ocrx_word' id='word_1_324' title='bbox 849 3172 891 3224; x_wconf 86' lang='grc'><strong>78.</strong></span> <span class='ocrx_word' id='word_1_325' title='bbox 914 3171 971 3224; x_wconf 90' lang='grc'><strong>766.</strong></span> <span class='ocrx_word' id='word_1_326' title='bbox 998 3176 1043 3220; x_wconf 88' lang='lat' dir='ltr'><strong>etc.</strong></span> <span class='ocrx_word' id='word_1_327' title='bbox 1068 3168 1106 3220; x_wconf 80' lang='lat' dir='ltr'><strong>Oi.</strong></span> <span class='ocrx_word' id='word_1_328' title='bbox 1132 3185 1149 3221; x_wconf 84' lang='grc' dir='ltr'><strong>ι.</strong></span> <span class='ocrx_word' id='word_1_329' title='bbox 1168 3170 1222 3223; x_wconf 68' lang='grc'><strong>681</strong></span> 
     </span>
     <span class='ocr_line' id='line_1_38' title="bbox 243 3237 1216 3305; baseline -0.005 -11"><span class='ocrx_word' id='word_1_330' title='bbox 243 3239 337 3294; x_wconf 83' lang='grc'><strong>-688</strong></span> <span class='ocrx_word' id='word_1_331' title='bbox 373 3255 394 3289; x_wconf 81' lang='grc' dir='ltr'><strong>κ.</strong></span> <span class='ocrx_word' id='word_1_332' title='bbox 414 3239 474 3295; x_wconf 80' lang='grc'><strong>953.</strong></span> <span class='ocrx_word' id='word_1_333' title='bbox 510 3237 533 3290; x_wconf 83' lang='grc' dir='ltr'><strong>λ.</strong></span> <span class='ocrx_word' id='word_1_334' title='bbox 552 3239 609 3296; x_wconf 89' lang='grc'><strong>180.</strong></span> <span class='ocrx_word' id='word_1_335' title='bbox 644 3256 671 3294; x_wconf 88' lang='grc' dir='ltr'><strong>σ.</strong></span> <span class='ocrx_word' id='word_1_336' title='bbox 689 3242 748 3295; x_wconf 86' lang='grc'><strong>597.</strong></span> <span class='ocrx_word' id='word_1_337' title='bbox 766 3255 806 3305; x_wconf 80' lang='lat' dir='ltr'><strong>sq.</strong></span> <span class='ocrx_word' id='word_1_338' title='bbox 836 3254 865 3304; x_wconf 83' lang='grc' dir='ltr'><strong>φ.</strong></span> <span class='ocrx_word' id='word_1_339' title='bbox 885 3238 942 3293; x_wconf 89' lang='grc'><strong>130.</strong></span> <span class='ocrx_word' id='word_1_340' title='bbox 978 3239 1095 3300; x_wconf 77' lang='lat' dir='ltr'><strong>Quatuor</strong></span> <span class='ocrx_word' id='word_1_341' title='bbox 1119 3245 1216 3289; x_wconf 85' lang='lat' dir='ltr'><strong>tantum</strong></span> 
     </span>
     <span class='ocr_line' id='line_1_39' title="bbox 242 3305 1215 3375; baseline 0 -18"><span class='ocrx_word' id='word_1_342' title='bbox 242 3315 287 3358; x_wconf 86' lang='lat' dir='ltr'><strong>aut</strong></span> <span class='ocrx_word' id='word_1_343' title='bbox 304 3307 416 3375; x_wconf 89' lang='lat' dir='ltr'><strong>quinque</strong></span> <span class='ocrx_word' id='word_1_344' title='bbox 433 3308 496 3359; x_wconf 88' lang='lat' dir='ltr'><strong>louis</strong></span> <span class='ocrx_word' id='word_1_345' title='bbox 514 3324 606 3360; x_wconf 88' lang='lat' dir='ltr'><strong>nomen</strong></span> <span class='ocrx_word' id='word_1_346' title='bbox 623 3308 760 3360; x_wconf 87' lang='lat' dir='ltr'><strong>Aristarchi</strong></span> <span class='ocrx_word' id='word_1_347' title='bbox 779 3307 921 3358; x_wconf 88' lang='lat' dir='ltr'><strong>subiectum</strong></span> <span class='ocrx_word' id='word_1_348' title='bbox 939 3313 978 3358; x_wconf 87' lang='lat' dir='ltr'><strong>est</strong></span> <span class='ocrx_word' id='word_1_349' title='bbox 995 3305 1057 3368; x_wconf 89' lang='lat' dir='ltr'><strong>illis,</strong></span> <span class='ocrx_word' id='word_1_350' title='bbox 1076 3313 1104 3357; x_wconf 91' lang='lat' dir='ltr'><strong>nt</strong></span> <span class='ocrx_word' id='word_1_351' title='bbox 1123 3322 1139 3358; x_wconf 83' lang='grc' dir='ltr'><strong>ι.</strong></span> <span class='ocrx_word' id='word_1_352' title='bbox 1158 3306 1215 3360; x_wconf 80' lang='grc'><strong>684.</strong></span> 
     </span>
     <span class='ocr_line' id='line_1_40' title="bbox 242 3373 1215 3444; baseline -0.002 -20"><span class='ocrx_word' id='word_1_353' title='bbox 242 3374 314 3426; x_wconf 83' lang='lat' dir='ltr'><strong>Haec</strong></span> <span class='ocrx_word' id='word_1_354' title='bbox 332 3377 416 3428; x_wconf 87' lang='lat' dir='ltr'><strong>omnia</strong></span> <span class='ocrx_word' id='word_1_355' title='bbox 433 3379 478 3444; x_wconf 89' lang='lat' dir='ltr'><strong>qui</strong></span> <span class='ocrx_word' id='word_1_356' title='bbox 496 3393 594 3428; x_wconf 88' lang='lat' dir='ltr'><strong>meeum</strong></span> <span class='ocrx_word' id='word_1_357' title='bbox 612 3376 770 3444; x_wconf 85' lang='lat' dir='ltr'><strong>percurrerit,</strong></span> <span class='ocrx_word' id='word_1_358' title='bbox 789 3390 842 3425; x_wconf 89' lang='lat' dir='ltr'><strong>nou</strong></span> <span class='ocrx_word' id='word_1_359' title='bbox 860 3373 1032 3426; x_wconf 90' lang='lat' dir='ltr'><strong>dubitaturum</strong></span> <span class='ocrx_word' id='word_1_360' title='bbox 1054 3381 1130 3440; x_wconf 87' lang='lat' dir='ltr'><strong>puto,</strong></span> <span class='ocrx_word' id='word_1_361' title='bbox 1156 3374 1215 3439; x_wconf 89' lang='lat' dir='ltr'><strong>quin</strong></span> 
     </span>
     <span class='ocr_line' id='line_1_41' title="bbox 242 3441 1213 3514; baseline -0.001 -22"><span class='ocrx_word' id='word_1_362' title='bbox 242 3443 338 3512; x_wconf 89' lang='lat' dir='ltr'><strong>ubique</strong></span> <span class='ocrx_word' id='word_1_363' title='bbox 354 3444 407 3496; x_wconf 82' lang='lat' dir='ltr'><strong>fers</strong></span> <span class='ocrx_word' id='word_1_364' title='bbox 425 3443 587 3496; x_wconf 80' lang='lat' dir='ltr'><strong>Scholiastae</strong></span> <span class='ocrx_word' id='word_1_365' title='bbox 605 3445 760 3514; x_wconf 85' lang='lat' dir='ltr'><strong>respexerint</strong></span> <span class='ocrx_word' id='word_1_366' title='bbox 777 3444 810 3495; x_wconf 88' lang='lat' dir='ltr'><strong>ad</strong></span> <span class='ocrx_word' id='word_1_367' title='bbox 828 3441 982 3494; x_wconf 82' lang='lat' dir='ltr'><strong>conditorem</strong></span> <span class='ocrx_word' id='word_1_368' title='bbox 1001 3441 1117 3510; x_wconf 72' lang='lat' dir='ltr'><strong>autgario</strong></span> <span class='ocrx_word' id='word_1_369' title='bbox 1128 3457 1213 3492; x_wconf 83' lang='lat' dir='ltr'><strong>recan-</strong></span> 
     </span>
     <span class='ocr_line' id='line_1_42' title="bbox 242 3510 829 3580; baseline 0 -17"><span class='ocrx_word' id='word_1_370' title='bbox 242 3510 321 3563; x_wconf 82' lang='lat' dir='ltr'><strong>sionis</strong></span> <span class='ocrx_word' id='word_1_371' title='bbox 339 3519 362 3564; x_wconf 81' lang='lat' dir='ltr'><strong>ct</strong></span> <span class='ocrx_word' id='word_1_372' title='bbox 380 3511 622 3580; x_wconf 82' lang='grc' dir='ltr'><strong><em>παραδόσεως,</em></strong></span> <span class='ocrx_word' id='word_1_373' title='bbox 642 3512 829 3564; x_wconf 82' lang='lat' dir='ltr'><strong>Aristarchum.</strong></span> 
     </span>
    </p>
   </div>
   <div class='ocr_carea' id='block_1_12' title="bbox 0 0 1352 4116">
    <p class='ocr_par' dir='ltr' id='par_1_13' title="bbox 0 0 1352 4116">
     <span class='ocr_line' id='line_1_43' title="bbox 0 0 1352 4116; baseline 0 0"><span class='ocrx_word' id='word_1_374' title='bbox 0 0 1352 4116; x_wconf 95' lang='lat' dir='ltr'><strong> </strong></span> 
     </span>
    </p>
   </div>
  </div>
 </body>
</html>
