<?xml version="1.0" encoding="UTF-8"?>
<!DOCTYPE html PUBLIC "-//W3C//DTD XHTML 1.0 Transitional//EN"
    "http://www.w3.org/TR/xhtml1/DTD/xhtml1-transitional.dtd">
<html xmlns="http://www.w3.org/1999/xhtml" xml:lang="en" lang="en">
 <head>
  <title>
</title>
<meta http-equiv="Content-Type" content="text/html;charset=utf-8" />
  <meta name='ocr-system' content='tesseract 3.04.00' />
  <meta name='ocr-capabilities' content='ocr_page ocr_carea ocr_par ocr_line ocrx_word'/>
</head>
<body>
  <div class='ocr_page' id='page_1' title='image "./prolegomenaadho03wolfgoog_0170.png"; bbox 0 0 2694 4116; ppageno 0'>
   <div class='ocr_carea' id='block_1_1' title="bbox 532 341 742 394">
    <p class='ocr_par' dir='ltr' id='par_1_1' title="bbox 463 305 742 426">
     <span class='ocr_line' id='line_1_1' title="bbox 532 341 742 394; baseline 0 0"><span class='ocrx_word' id='word_1_1' title='bbox 532 341 742 394; x_wconf 87' lang='lat' dir='ltr'><strong>-1e1-</strong></span> 
     </span>
    </p>
   </div>
   <div class='ocr_carea' id='block_1_2' title="bbox 151 497 1131 727">
    <p class='ocr_par' dir='ltr' id='par_1_2' title="bbox 151 497 1131 727">
     <span class='ocr_line' id='line_1_2' title="bbox 152 497 1130 578; baseline 0.009 -25"><span class='ocrx_word' id='word_1_2' title='bbox 152 499 187 553; x_wconf 89' lang='lat' dir='ltr'><strong>de</strong></span> <span class='ocrx_word' id='word_1_3' title='bbox 206 497 401 570; x_wconf 75' lang='lat' dir='ltr'><strong>probabilitate</strong></span> <span class='ocrx_word' id='word_1_4' title='bbox 421 497 505 552; x_wconf 87' lang='lat' dir='ltr'><strong>huius</strong></span> <span class='ocrx_word' id='word_1_5' title='bbox 526 499 610 552; x_wconf 88' lang='lat' dir='ltr'><strong>totius</strong></span> <span class='ocrx_word' id='word_1_6' title='bbox 631 499 740 554; x_wconf 77' lang='lat' dir='ltr'><strong>criticae</strong></span> <span class='ocrx_word' id='word_1_7' title='bbox 760 499 872 555; x_wconf 89' lang='lat' dir='ltr'><strong>rationis</strong></span> <span class='ocrx_word' id='word_1_8' title='bbox 892 517 946 556; x_wconf 93' lang='lat' dir='ltr'><strong>non</strong></span> <span class='ocrx_word' id='word_1_9' title='bbox 961 504 1130 578; x_wconf 81' lang='lat' dir='ltr'><strong>quaerimus3</strong></span> 
     </span>
     <span class='ocr_line' id='line_1_3' title="bbox 151 574 1127 646; baseline 0.008 -16"><span class='ocrx_word' id='word_1_10' title='bbox 151 592 202 630; x_wconf 88' lang='lat' dir='ltr'><strong>nec</strong></span> <span class='ocrx_word' id='word_1_11' title='bbox 221 575 335 630; x_wconf 87' lang='lat' dir='ltr'><strong>materia</strong></span> <span class='ocrx_word' id='word_1_12' title='bbox 355 580 443 630; x_wconf 88' lang='lat' dir='ltr'><strong>exstat</strong></span> <span class='ocrx_word' id='word_1_13' title='bbox 463 574 617 644; x_wconf 88' lang='lat' dir='ltr'><strong>quaerendi.</strong></span> <span class='ocrx_word' id='word_1_14' title='bbox 657 575 727 632; x_wconf 90' lang='lat' dir='ltr'><strong>Nam</strong></span> <span class='ocrx_word' id='word_1_15' title='bbox 748 580 776 630; x_wconf 93' lang='lat' dir='ltr'><strong>et</strong></span> <span class='ocrx_word' id='word_1_16' title='bbox 795 577 840 629; x_wconf 92' lang='lat' dir='ltr'><strong>hic</strong></span> <span class='ocrx_word' id='word_1_17' title='bbox 854 578 1055 646; x_wconf 88' lang='lat' dir='ltr'><strong>quodammodo</strong></span> <span class='ocrx_word' id='word_1_18' title='bbox 1069 584 1127 637; x_wconf 75' lang='lat' dir='ltr'><strong>ras·-</strong></span> 
     </span>
     <span class='ocr_line' id='line_1_4' title="bbox 151 651 1131 727; baseline 0.009 -22"><span class='ocrx_word' id='word_1_19' title='bbox 151 667 203 705; x_wconf 85' lang='lat' dir='ltr'><strong>aoe</strong></span> <span class='ocrx_word' id='word_1_20' title='bbox 230 651 373 720; x_wconf 71' lang='lat' dir='ltr'><strong>poterunt.</strong></span> <span class='ocrx_word' id='word_1_21' title='bbox 417 651 557 706; x_wconf 76' lang='lat' dir='ltr'><strong>Habemus</strong></span> <span class='ocrx_word' id='word_1_22' title='bbox 583 669 654 706; x_wconf 90' lang='lat' dir='ltr'><strong>nunc</strong></span> <span class='ocrx_word' id='word_1_23' title='bbox 679 651 828 722; x_wconf 85' lang='lat' dir='ltr'>Homerum</span> <span class='ocrx_word' id='word_1_24' title='bbox 855 653 883 706; x_wconf 90' lang='lat' dir='ltr'><strong>in</strong></span> <span class='ocrx_word' id='word_1_25' title='bbox 907 657 1046 727; x_wconf 86' lang='lat' dir='ltr'><strong>manibus,</strong></span> <span class='ocrx_word' id='word_1_26' title='bbox 1076 677 1131 714; x_wconf 87' lang='lat' dir='ltr'><strong>non</strong></span> 
     </span>
    </p>
   </div>
   <div class='ocr_carea' id='block_1_3' title="bbox 152 719 1214 798">
    <p class='ocr_par' dir='ltr' id='par_1_3' title="bbox 152 719 1214 798">
     <span class='ocr_line' id='line_1_5' title="bbox 152 719 1214 798; baseline 0.011 -19"><span class='ocrx_word' id='word_1_27' title='bbox 152 727 200 797; x_wconf 89' lang='lat' dir='ltr'><strong>qui</strong></span> <span class='ocrx_word' id='word_1_28' title='bbox 224 728 312 798; x_wconf 86' lang='lat' dir='ltr'><strong>viguit</strong></span> <span class='ocrx_word' id='word_1_29' title='bbox 336 727 364 781; x_wconf 91' lang='lat' dir='ltr'><strong>in</strong></span> <span class='ocrx_word' id='word_1_30' title='bbox 391 744 437 782; x_wconf 90' lang='lat' dir='ltr'><strong>ore</strong></span> <span class='ocrx_word' id='word_1_31' title='bbox 463 725 631 782; x_wconf 82' lang='lat' dir='ltr'><strong>Graecorum</strong></span> <span class='ocrx_word' id='word_1_32' title='bbox 656 745 782 796; x_wconf 78' lang='lat' dir='ltr'><strong>suorum,</strong></span> <span class='ocrx_word' id='word_1_33' title='bbox 812 730 861 784; x_wconf 89' lang='lat' dir='ltr'><strong>scd</strong></span> <span class='ocrx_word' id='word_1_34' title='bbox 889 730 952 786; x_wconf 89' lang='lat' dir='ltr'><strong>inde</strong></span> <span class='ocrx_word' id='word_1_35' title='bbox 977 749 994 787; x_wconf 92' lang='lat' dir='ltr'><strong>a</strong></span> <span class='ocrx_word' id='word_1_36' title='bbox 1020 733 1130 790; x_wconf 82' lang='lat' dir='ltr'><strong>Solonis</strong></span> <span class='ocrx_word' id='word_1_37' title='bbox 1212 719 1214 732; x_wconf 44' lang='grc' dir='ltr'>Ι</span> 
     </span>
    </p>
   </div>
   <div class='ocr_carea' id='block_1_4' title="bbox 153 803 1130 1181">
    <p class='ocr_par' dir='ltr' id='par_1_4' title="bbox 153 803 1130 1181">
     <span class='ocr_line' id='line_1_6' title="bbox 153 803 1130 877; baseline 0.008 -19"><span class='ocrx_word' id='word_1_38' title='bbox 153 805 321 874; x_wconf 80' lang='lat' dir='ltr'><strong>temporibus</strong></span> <span class='ocrx_word' id='word_1_39' title='bbox 342 821 429 875; x_wconf 91' lang='lat' dir='ltr'><strong>usque</strong></span> <span class='ocrx_word' id='word_1_40' title='bbox 449 804 485 858; x_wconf 89' lang='lat' dir='ltr'><strong>ad</strong></span> <span class='ocrx_word' id='word_1_41' title='bbox 505 803 572 858; x_wconf 87' lang='lat' dir='ltr'><strong>haec</strong></span> <span class='ocrx_word' id='word_1_42' title='bbox 587 804 773 861; x_wconf 85' lang='lat' dir='ltr'><strong>Alexandrina</strong></span> <span class='ocrx_word' id='word_1_43' title='bbox 792 811 925 860; x_wconf 89' lang='lat' dir='ltr'><strong>mutatum</strong></span> <span class='ocrx_word' id='word_1_44' title='bbox 945 809 1028 877; x_wconf 84' lang='lat' dir='ltr'><strong>varie,</strong></span> <span class='ocrx_word' id='word_1_45' title='bbox 1049 812 1130 866; x_wconf 90' lang='lat' dir='ltr'><strong>inter·</strong></span> 
     </span>
     <span class='ocr_line' id='line_1_7' title="bbox 154 881 1130 955; baseline 0.01 -22"><span class='ocrx_word' id='word_1_46' title='bbox 154 881 286 950; x_wconf 83' lang='lat' dir='ltr'><strong>polutum,</strong></span> <span class='ocrx_word' id='word_1_47' title='bbox 308 881 470 952; x_wconf 74' lang='lat' dir='ltr'><strong>emtigatum</strong></span> <span class='ocrx_word' id='word_1_48' title='bbox 491 886 518 935; x_wconf 91' lang='lat' dir='ltr'><strong>et</strong></span> <span class='ocrx_word' id='word_1_49' title='bbox 539 881 719 935; x_wconf 89' lang='lat' dir='ltr'><strong>emendatum.</strong></span> <span class='ocrx_word' id='word_1_50' title='bbox 754 881 787 935; x_wconf 93' lang='lat' dir='ltr'><strong>Id</strong></span> <span class='ocrx_word' id='word_1_51' title='bbox 802 899 816 937; x_wconf 90' lang='lat' dir='ltr'><strong>s</strong></span> <span class='ocrx_word' id='word_1_52' title='bbox 831 883 951 938; x_wconf 89' lang='lat' dir='ltr'><strong>disiectis</strong></span> <span class='ocrx_word' id='word_1_53' title='bbox 966 887 1130 955; x_wconf 89' lang='lat' dir='ltr'><strong>quibusdam</strong></span> 
     </span>
     <span class='ocr_line' id='line_1_8' title="bbox 153 956 1129 1028; baseline 0.009 -19"><span class='ocrx_word' id='word_1_54' title='bbox 153 956 259 1011; x_wconf 90' lang='lat' dir='ltr'><strong>indiciis</strong></span> <span class='ocrx_word' id='word_1_55' title='bbox 279 958 332 1011; x_wconf 88' lang='lat' dir='ltr'><strong>iam</strong></span> <span class='ocrx_word' id='word_1_56' title='bbox 354 958 455 1012; x_wconf 89' lang='lat' dir='ltr'><strong>dudum</strong></span> <span class='ocrx_word' id='word_1_57' title='bbox 477 957 592 1011; x_wconf 90' lang='lat' dir='ltr'><strong>obscure</strong></span> <span class='ocrx_word' id='word_1_58' title='bbox 613 957 778 1028; x_wconf 80' lang='lat' dir='ltr'><strong>colligebant</strong></span> <span class='ocrx_word' id='word_1_59' title='bbox 796 959 920 1014; x_wconf 91' lang='lat' dir='ltr'><strong>homines</strong></span> <span class='ocrx_word' id='word_1_60' title='bbox 940 957 1015 1016; x_wconf 91' lang='lat' dir='ltr'><strong>docti</strong></span> <span class='ocrx_word' id='word_1_61' title='bbox 1034 969 1063 1017; x_wconf 90' lang='lat' dir='ltr'><strong>et</strong></span> <span class='ocrx_word' id='word_1_62' title='bbox 1076 964 1129 1018; x_wconf 88' lang='lat' dir='ltr'><strong>sol-</strong></span> 
     </span>
     <span class='ocr_line' id='line_1_9' title="bbox 154 1033 1128 1110; baseline 0.008 -24"><span class='ocrx_word' id='word_1_63' title='bbox 154 1033 250 1102; x_wconf 71' lang='lat' dir='ltr'><strong>lertes,</strong></span> <span class='ocrx_word' id='word_1_64' title='bbox 277 1051 349 1087; x_wconf 90' lang='lat' dir='ltr'><strong>nunc</strong></span> <span class='ocrx_word' id='word_1_65' title='bbox 377 1035 404 1088; x_wconf 88' lang='lat' dir='ltr'><strong>in</strong></span> <span class='ocrx_word' id='word_1_66' title='bbox 428 1051 511 1087; x_wconf 92' lang='lat' dir='ltr'><strong>unum</strong></span> <span class='ocrx_word' id='word_1_67' title='bbox 536 1034 696 1089; x_wconf 90' lang='lat' dir='ltr'><strong>coniunctae</strong></span> <span class='ocrx_word' id='word_1_68' title='bbox 721 1051 804 1091; x_wconf 85' lang='lat' dir='ltr'><strong>voces</strong></span> <span class='ocrx_word' id='word_1_69' title='bbox 830 1035 948 1091; x_wconf 90' lang='lat' dir='ltr'><strong>omnium</strong></span> <span class='ocrx_word' id='word_1_70' title='bbox 975 1044 1128 1110; x_wconf 91' lang='lat' dir='ltr'><strong>temporum</strong></span> 
     </span>
     <span class='ocr_line' id='line_1_10' title="bbox 153 1110 625 1181; baseline 0.004 -19"><span class='ocrx_word' id='word_1_71' title='bbox 153 1115 297 1176; x_wconf 89' lang='lat' dir='ltr'><strong>testantur,</strong></span> <span class='ocrx_word' id='word_1_72' title='bbox 318 1115 346 1163; x_wconf 89' lang='lat' dir='ltr'><strong>et</strong></span> <span class='ocrx_word' id='word_1_73' title='bbox 364 1110 485 1181; x_wconf 89' lang='lat' dir='ltr'><strong>loquitur</strong></span> <span class='ocrx_word' id='word_1_74' title='bbox 504 1111 625 1166; x_wconf 87' lang='lat' dir='ltr'><strong>historia.</strong></span> 
     </span>
    </p>
   </div>
   <div class='ocr_carea' id='block_1_5' title="bbox 154 1286 1139 3470">
    <p class='ocr_par' dir='ltr' id='par_1_5' title="bbox 154 1286 1139 3470">
     <span class='ocr_line' id='line_1_11' title="bbox 156 1286 1132 1355; baseline 0.001 -13"><span class='ocrx_word' id='word_1_75' title='bbox 156 1292 261 1343; x_wconf 90' lang='lat' dir='ltr'><strong>anullo</strong></span> <span class='ocrx_word' id='word_1_76' title='bbox 279 1291 381 1341; x_wconf 89' lang='lat' dir='ltr'><strong>illorum</strong></span> <span class='ocrx_word' id='word_1_77' title='bbox 398 1286 526 1338; x_wconf 85' lang='lat' dir='ltr'><strong>adhibitus</strong></span> <span class='ocrx_word' id='word_1_78' title='bbox 544 1290 579 1339; x_wconf 89' lang='lat' dir='ltr'><strong>sit</strong></span> <span class='ocrx_word' id='word_1_79' title='bbox 602 1287 634 1340; x_wconf 87' lang='lat' dir='ltr'><strong>ad</strong></span> <span class='ocrx_word' id='word_1_80' title='bbox 659 1286 794 1355; x_wconf 81' lang='lat' dir='ltr'><strong>vulgarem</strong></span> <span class='ocrx_word' id='word_1_81' title='bbox 817 1295 913 1340; x_wconf 88' lang='lat' dir='ltr'><strong>textum</strong></span> <span class='ocrx_word' id='word_1_82' title='bbox 938 1290 1132 1343; x_wconf 88' lang='lat' dir='ltr'><strong>emendandum.</strong></span> 
     </span>
     <span class='ocr_line' id='line_1_12' title="bbox 154 1355 1132 1425; baseline -0.001 -14"><span class='ocrx_word' id='word_1_83' title='bbox 154 1361 256 1411; x_wconf 91' lang='lat' dir='ltr'><strong>Numne</strong></span> <span class='ocrx_word' id='word_1_84' title='bbox 273 1357 403 1410; x_wconf 74' lang='lat' dir='ltr'><strong>Athenaeo</strong></span> <span class='ocrx_word' id='word_1_85' title='bbox 427 1357 510 1406; x_wconf 87' lang='lat' dir='ltr'><strong>minus</strong></span> <span class='ocrx_word' id='word_1_86' title='bbox 533 1373 608 1423; x_wconf 89' lang='lat' dir='ltr'><strong>quam</strong></span> <span class='ocrx_word' id='word_1_87' title='bbox 626 1355 765 1408; x_wconf 76' lang='lat' dir='ltr'><strong>Plutarcho</strong></span> <span class='ocrx_word' id='word_1_88' title='bbox 788 1356 865 1407; x_wconf 87' lang='lat' dir='ltr'><strong>fidem</strong></span> <span class='ocrx_word' id='word_1_89' title='bbox 888 1358 1030 1409; x_wconf 87' lang='lat' dir='ltr'><strong>habendam</strong></span> <span class='ocrx_word' id='word_1_90' title='bbox 1054 1367 1132 1425; x_wconf 90' lang='lat' dir='ltr'><strong>puta-</strong></span> 
     </span>
     <span class='ocr_line' id='line_1_13' title="bbox 154 1424 1131 1492; baseline 0.002 -15"><span class='ocrx_word' id='word_1_91' title='bbox 154 1429 234 1478; x_wconf 87' lang='lat' dir='ltr'><strong>bant&#39;l</strong></span> <span class='ocrx_word' id='word_1_92' title='bbox 254 1427 287 1478; x_wconf 84' lang='lat' dir='ltr'><strong>At</strong></span> <span class='ocrx_word' id='word_1_93' title='bbox 304 1434 411 1492; x_wconf 88' lang='lat' dir='ltr'><strong>uterque</strong></span> <span class='ocrx_word' id='word_1_94' title='bbox 428 1441 474 1474; x_wconf 87' lang='lat' dir='ltr'><strong>sua</strong></span> <span class='ocrx_word' id='word_1_95' title='bbox 491 1425 578 1477; x_wconf 88' lang='lat' dir='ltr'><strong>retulit</strong></span> <span class='ocrx_word' id='word_1_96' title='bbox 594 1442 627 1475; x_wconf 85' lang='lat' dir='ltr'><strong>ex</strong></span> <span class='ocrx_word' id='word_1_97' title='bbox 639 1424 832 1476; x_wconf 81' lang='lat' dir='ltr'><strong>Commentariis</strong></span> <span class='ocrx_word' id='word_1_98' title='bbox 843 1433 963 1490; x_wconf 80' lang='lat' dir='ltr'><strong>veterum,</strong></span> <span class='ocrx_word' id='word_1_99' title='bbox 978 1426 1131 1479; x_wconf 89' lang='lat' dir='ltr'><strong>Plutarchus</strong></span> 
     </span>
     <span class='ocr_line' id='line_1_14' title="bbox 155 1493 1131 1555; baseline 0 -9"><span class='ocrx_word' id='word_1_100' title='bbox 155 1494 260 1546; x_wconf 82' lang='lat' dir='ltr'><strong>forsitan</strong></span> <span class='ocrx_word' id='word_1_101' title='bbox 281 1511 311 1545; x_wconf 84' lang='lat' dir='ltr'><strong>ex</strong></span> <span class='ocrx_word' id='word_1_102' title='bbox 330 1495 479 1555; x_wconf 82' lang='lat' dir='ltr'><strong>Stoicorum,</strong></span> <span class='ocrx_word' id='word_1_103' title='bbox 497 1494 543 1544; x_wconf 87' lang='lat' dir='ltr'><strong>ille</strong></span> <span class='ocrx_word' id='word_1_104' title='bbox 560 1510 593 1543; x_wconf 87' lang='lat' dir='ltr'><strong>ex</strong></span> <span class='ocrx_word' id='word_1_105' title='bbox 611 1493 848 1546; x_wconf 72' lang='lat' dir='ltr'><strong>Grammaticorum.</strong></span> <span class='ocrx_word' id='word_1_106' title='bbox 883 1495 948 1546; x_wconf 87' lang='lat' dir='ltr'><strong>Nam</strong></span> <span class='ocrx_word' id='word_1_107' title='bbox 967 1494 1070 1546; x_wconf 76' lang='lat' dir='ltr'><strong>Scholia</strong></span> <span class='ocrx_word' id='word_1_108' title='bbox 1087 1496 1131 1546; x_wconf 91' lang='lat' dir='ltr'><strong>hie</strong></span> 
     </span>
     <span class='ocr_line' id='line_1_15' title="bbox 156 1557 1133 1631; baseline 0.001 -17"><span class='ocrx_word' id='word_1_109' title='bbox 156 1579 258 1631; x_wconf 89' lang='lat' dir='ltr'><strong>quoque</strong></span> <span class='ocrx_word' id='word_1_110' title='bbox 275 1570 365 1623; x_wconf 77' lang='lat' dir='ltr'><strong>meere,</strong></span> <span class='ocrx_word' id='word_1_111' title='bbox 384 1577 434 1612; x_wconf 87' lang='lat' dir='ltr'><strong>non</strong></span> <span class='ocrx_word' id='word_1_112' title='bbox 452 1563 542 1612; x_wconf 87' lang='lat' dir='ltr'><strong>mirum</strong></span> <span class='ocrx_word' id='word_1_113' title='bbox 559 1571 606 1627; x_wconf 85' lang='lat' dir='ltr'><strong>est,</strong></span> <span class='ocrx_word' id='word_1_114' title='bbox 625 1564 744 1628; x_wconf 89' lang='lat' dir='ltr'><strong>queniam</strong></span> <span class='ocrx_word' id='word_1_115' title='bbox 763 1577 793 1613; x_wconf 89' lang='lat' dir='ltr'><strong>ea</strong></span> <span class='ocrx_word' id='word_1_116' title='bbox 810 1562 836 1614; x_wconf 90' lang='lat' dir='ltr'><strong>in</strong></span> <span class='ocrx_word' id='word_1_117' title='bbox 855 1570 908 1615; x_wconf 89' lang='lat' dir='ltr'><strong>tota</strong></span> <span class='ocrx_word' id='word_1_118' title='bbox 926 1557 954 1616; x_wconf 81' lang='grc' dir='ltr'><strong>Σ.</strong></span> <span class='ocrx_word' id='word_1_119' title='bbox 974 1570 1000 1615; x_wconf 87' lang='lat' dir='ltr'><strong>et</strong></span> <span class='ocrx_word' id='word_1_120' title='bbox 1017 1565 1133 1629; x_wconf 83' lang='lat' dir='ltr'><strong>proxima</strong></span> 
     </span>
     <span class='ocr_line' id='line_1_16' title="bbox 156 1629 1132 1699; baseline -0.001 -16"><span class='ocrx_word' id='word_1_121' title='bbox 156 1648 210 1699; x_wconf 79' lang='lat' dir='ltr'><strong>seq,</strong></span> <span class='ocrx_word' id='word_1_122' title='bbox 228 1631 312 1698; x_wconf 86' lang='lat' dir='ltr'><strong>rhaps.</strong></span> <span class='ocrx_word' id='word_1_123' title='bbox 332 1629 468 1682; x_wconf 83' lang='lat' dir='ltr'><strong>admodum</strong></span> <span class='ocrx_word' id='word_1_124' title='bbox 486 1645 577 1684; x_wconf 85' lang='lat' dir='ltr'><strong>manca</strong></span> <span class='ocrx_word' id='word_1_125' title='bbox 594 1637 653 1681; x_wconf 90' lang='lat' dir='ltr'><strong>aunt</strong></span> <span class='ocrx_word' id='word_1_126' title='bbox 670 1637 696 1681; x_wconf 89' lang='lat' dir='ltr'><strong>ct</strong></span> <span class='ocrx_word' id='word_1_127' title='bbox 713 1631 855 1696; x_wconf 83' lang='lat' dir='ltr'><strong>interrupta</strong></span> <span class='ocrx_word' id='word_1_128' title='bbox 871 1632 933 1682; x_wconf 82' lang='lat' dir='ltr'><strong>vitio</strong></span> <span class='ocrx_word' id='word_1_129' title='bbox 946 1631 1049 1682; x_wconf 89' lang='lat' dir='ltr'><strong>codicis.</strong></span> <span class='ocrx_word' id='word_1_130' title='bbox 1078 1632 1132 1682; x_wconf 90' lang='lat' dir='ltr'><strong>lam</strong></span> 
     </span>
     <span class='ocr_line' id='line_1_17' title="bbox 156 1699 1132 1765; baseline 0.001 -16"><span class='ocrx_word' id='word_1_131' title='bbox 156 1708 186 1750; x_wconf 90' lang='lat' dir='ltr'><strong>ut</strong></span> <span class='ocrx_word' id='word_1_132' title='bbox 202 1700 289 1765; x_wconf 82' lang='lat' dir='ltr'><strong>paucis</strong></span> <span class='ocrx_word' id='word_1_133' title='bbox 307 1715 361 1748; x_wconf 87' lang='lat' dir='ltr'><strong>rem</strong></span> <span class='ocrx_word' id='word_1_134' title='bbox 379 1715 525 1764; x_wconf 85' lang='lat' dir='ltr'><strong>persequar,</strong></span> <span class='ocrx_word' id='word_1_135' title='bbox 545 1699 703 1752; x_wconf 85' lang='lat' dir='ltr'><strong>Aristarchus</strong></span> <span class='ocrx_word' id='word_1_136' title='bbox 721 1699 747 1749; x_wconf 93' lang='lat' dir='ltr'><strong>in</strong></span> <span class='ocrx_word' id='word_1_137' title='bbox 767 1699 847 1748; x_wconf 83' lang='lat' dir='ltr'><strong>Scuto</strong></span> <span class='ocrx_word' id='word_1_138' title='bbox 866 1702 925 1753; x_wconf 87' lang='grc'><strong>604.</strong></span> <span class='ocrx_word' id='word_1_139' title='bbox 943 1708 1003 1765; x_wconf 89' lang='lat' dir='ltr'><strong>post</strong></span> <span class='ocrx_word' id='word_1_140' title='bbox 1025 1700 1132 1750; x_wconf 89' lang='lat' dir='ltr'><strong>verbnm</strong></span> 
     </span>
     <span class='ocr_line' id='line_1_18' title="bbox 157 1762 1132 1834; baseline 0 -16"><span class='ocrx_word' id='word_1_141' title='bbox 157 1764 324 1834; x_wconf 81' lang='grc' dir='ltr'><em>τερπόμενοι</em></span> <span class='ocrx_word' id='word_1_142' title='bbox 348 1783 393 1818; x_wconf 90' lang='lat' dir='ltr'><strong>seu</strong></span> <span class='ocrx_word' id='word_1_143' title='bbox 418 1765 591 1834; x_wconf 81' lang='grc' dir='ltr'><em>τερπόμενος</em></span> <span class='ocrx_word' id='word_1_144' title='bbox 614 1767 711 1818; x_wconf 85' lang='lat' dir='ltr'><strong>delevit</strong></span> <span class='ocrx_word' id='word_1_145' title='bbox 735 1766 889 1816; x_wconf 88' lang='lat' dir='ltr'><strong>mentionem</strong></span> <span class='ocrx_word' id='word_1_146' title='bbox 906 1767 1031 1828; x_wconf 76' lang='lat' dir='ltr'><strong>curatoris,</strong></span> <span class='ocrx_word' id='word_1_147' title='bbox 1055 1762 1132 1818; x_wconf 85' lang='grc' dir='ltr'><strong><em>Μετὰ</em></strong></span> 
     </span>
     <span class='ocr_line' id='line_1_19' title="bbox 157 1830 1133 1901; baseline 0.002 -16"><span class='ocrx_word' id='word_1_148' title='bbox 157 1834 189 1885; x_wconf 83' lang='grc' dir='ltr'><strong>δέ</strong></span> <span class='ocrx_word' id='word_1_149' title='bbox 213 1850 276 1900; x_wconf 86' lang='grc' dir='ltr'><em>σφιν</em></span> <span class='ocrx_word' id='word_1_150' title='bbox 302 1832 435 1897; x_wconf 80' lang='grc' dir='ltr'><em>ἐμέλπετο</em></span> <span class='ocrx_word' id='word_1_151' title='bbox 458 1837 536 1892; x_wconf 71' lang='grc' dir='ltr'><em>θεῖος</em></span> <span class='ocrx_word' id='word_1_152' title='bbox 559 1833 650 1894; x_wconf 79' lang='grc' dir='ltr'><em>ἀοιδὸς</em></span> <span class='ocrx_word' id='word_1_153' title='bbox 672 1830 825 1900; x_wconf 77' lang='grc' dir='ltr'><em>Φορμίζων,</em></span> <span class='ocrx_word' id='word_1_154' title='bbox 850 1835 895 1884; x_wconf 91' lang='lat' dir='ltr'><strong>sed</strong></span> <span class='ocrx_word' id='word_1_155' title='bbox 918 1835 1022 1901; x_wconf 88' lang='lat' dir='ltr'><strong>reliquit</strong></span> <span class='ocrx_word' id='word_1_156' title='bbox 1044 1852 1133 1888; x_wconf 87' lang='lat' dir='ltr'><strong>rursus</strong></span> 
     </span>
     <span class='ocr_line' id='line_1_20' title="bbox 156 1899 1133 1970; baseline 0 -17"><span class='ocrx_word' id='word_1_157' title='bbox 156 1903 228 1954; x_wconf 88' lang='lat' dir='ltr'><strong>hunc</strong></span> <span class='ocrx_word' id='word_1_158' title='bbox 245 1920 346 1954; x_wconf 86' lang='lat' dir='ltr'><strong>versum</strong></span> <span class='ocrx_word' id='word_1_159' title='bbox 364 1905 391 1953; x_wconf 88' lang='lat' dir='ltr'><strong>in</strong></span> <span class='ocrx_word' id='word_1_160' title='bbox 409 1903 534 1970; x_wconf 78' lang='lat' dir='ltr'><strong>Odyssea,</strong></span> <span class='ocrx_word' id='word_1_161' title='bbox 547 1919 624 1968; x_wconf 90' lang='lat' dir='ltr'><strong>quum</strong></span> <span class='ocrx_word' id='word_1_162' title='bbox 636 1903 696 1953; x_wconf 92' lang='lat' dir='ltr'><strong>illos</strong></span> <span class='ocrx_word' id='word_1_163' title='bbox 709 1912 769 1962; x_wconf 86' lang='lat' dir='ltr'><strong>tres,</strong></span> <span class='ocrx_word' id='word_1_164' title='bbox 782 1899 989 1966; x_wconf 86' lang='grc' dir='ltr'><em>τερπόμενοι-</em></span> <span class='ocrx_word' id='word_1_165' title='bbox 1002 1902 1133 1966; x_wconf 83' lang='grc' dir='ltr'><em>μέσσους,</em></span> 
     </span>
     <span class='ocr_line' id='line_1_21' title="bbox 157 1971 1133 2038; baseline 0.001 -17"><span class='ocrx_word' id='word_1_166' title='bbox 157 1973 185 2021; x_wconf 92' lang='lat' dir='ltr'><strong>in</strong></span> <span class='ocrx_word' id='word_1_167' title='bbox 203 1973 286 2038; x_wconf 90' lang='lat' dir='ltr'><strong>quarti</strong></span> <span class='ocrx_word' id='word_1_168' title='bbox 305 1971 364 2023; x_wconf 88' lang='lat' dir='ltr'><strong>libri</strong></span> <span class='ocrx_word' id='word_1_169' title='bbox 382 1973 534 2038; x_wconf 90' lang='lat' dir='ltr'><strong>principium</strong></span> <span class='ocrx_word' id='word_1_170' title='bbox 552 1973 713 2030; x_wconf 81' lang='lat' dir='ltr'><strong>transferret,</strong></span> <span class='ocrx_word' id='word_1_171' title='bbox 724 1971 824 2020; x_wconf 79' lang='lat' dir='ltr'><strong>additis</strong></span> <span class='ocrx_word' id='word_1_172' title='bbox 844 1971 922 2031; x_wconf 86' lang='lat' dir='ltr'><strong>adeo,</strong></span> <span class='ocrx_word' id='word_1_173' title='bbox 946 1975 1034 2021; x_wconf 88' lang='lat' dir='ltr'><strong>nescio</strong></span> <span class='ocrx_word' id='word_1_174' title='bbox 1058 1973 1133 2038; x_wconf 89' lang='lat' dir='ltr'><strong>unde,</strong></span> 
     </span>
     <span class='ocr_line' id='line_1_22' title="bbox 158 2039 1133 2106; baseline 0 -16"><span class='ocrx_word' id='word_1_175' title='bbox 158 2040 266 2100; x_wconf 87' lang='lat' dir='ltr'><strong>duobus,</strong></span> <span class='ocrx_word' id='word_1_176' title='bbox 285 2042 327 2105; x_wconf 89' lang='lat' dir='ltr'><strong>qui</strong></span> <span class='ocrx_word' id='word_1_177' title='bbox 346 2055 415 2090; x_wconf 88' lang='lat' dir='ltr'><strong>nunc</strong></span> <span class='ocrx_word' id='word_1_178' title='bbox 433 2046 595 2089; x_wconf 86' lang='lat' dir='ltr'><strong>numerantur</strong></span> <span class='ocrx_word' id='word_1_179' title='bbox 612 2039 720 2106; x_wconf 85' lang='lat' dir='ltr'><strong>proximi</strong></span> <span class='ocrx_word' id='word_1_180' title='bbox 739 2039 778 2092; x_wconf 85' lang='lat'><strong>15.</strong></span> <span class='ocrx_word' id='word_1_181' title='bbox 800 2039 840 2092; x_wconf 87' lang='grc'><strong>16.</strong></span> <span class='ocrx_word' id='word_1_182' title='bbox 877 2039 1029 2104; x_wconf 76' lang='lat' dir='ltr'><strong>Quanquam</strong></span> <span class='ocrx_word' id='word_1_183' title='bbox 1046 2040 1096 2090; x_wconf 89' lang='lat' dir='ltr'><strong>hac</strong></span> <span class='ocrx_word' id='word_1_184' title='bbox 1107 2041 1133 2091; x_wconf 94' lang='lat' dir='ltr'><strong>in</strong></span> 
     </span>
     <span class='ocr_line' id='line_1_23' title="bbox 155 2105 1134 2172; baseline 0.001 -14"><span class='ocrx_word' id='word_1_185' title='bbox 155 2125 184 2158; x_wconf 86' lang='lat' dir='ltr'><strong>re</strong></span> <span class='ocrx_word' id='word_1_186' title='bbox 201 2106 287 2158; x_wconf 80' lang='lat' dir='ltr'><strong>forsan</strong></span> <span class='ocrx_word' id='word_1_187' title='bbox 305 2111 397 2158; x_wconf 83' lang='lat' dir='ltr'><strong>erravit</strong></span> <span class='ocrx_word' id='word_1_188' title='bbox 414 2106 570 2168; x_wconf 83' lang='lat' dir='ltr'><strong>Athenaeus,</strong></span> <span class='ocrx_word' id='word_1_189' title='bbox 589 2109 642 2158; x_wconf 84' lang='lat' dir='ltr'><strong>sive</strong></span> <span class='ocrx_word' id='word_1_190' title='bbox 659 2109 697 2168; x_wconf 89' lang='lat' dir='ltr'><strong>is,</strong></span> <span class='ocrx_word' id='word_1_191' title='bbox 721 2121 796 2172; x_wconf 86' lang='lat' dir='ltr'><strong>quem</strong></span> <span class='ocrx_word' id='word_1_192' title='bbox 821 2105 866 2156; x_wconf 91' lang='lat' dir='ltr'><strong>ille</strong></span> <span class='ocrx_word' id='word_1_193' title='bbox 889 2107 1031 2172; x_wconf 77' lang='lat' dir='ltr'><strong>exscripsit.</strong></span> <span class='ocrx_word' id='word_1_194' title='bbox 1068 2107 1134 2159; x_wconf 81' lang='lat' dir='ltr'><strong>&#39;lum</strong></span> 
     </span>
     <span class='ocr_line' id='line_1_24' title="bbox 156 2172 1133 2243; baseline 0 -16"><span class='ocrx_word' id='word_1_195' title='bbox 156 2175 265 2227; x_wconf 78' lang='lat' dir='ltr'><strong>Oriticus</strong></span> <span class='ocrx_word' id='word_1_196' title='bbox 284 2175 319 2226; x_wconf 89' lang='lat' dir='ltr'><strong>ihi</strong></span> <span class='ocrx_word' id='word_1_197' title='bbox 337 2175 496 2226; x_wconf 88' lang='lat' dir='ltr'><strong>insimulatur</strong></span> <span class='ocrx_word' id='word_1_198' title='bbox 514 2192 559 2242; x_wconf 88' lang='lat' dir='ltr'><strong>pro</strong></span> <span class='ocrx_word' id='word_1_199' title='bbox 577 2175 688 2242; x_wconf 83' lang='lat' dir='ltr'><strong>genitivo</strong></span> <span class='ocrx_word' id='word_1_200' title='bbox 708 2172 890 2243; x_wconf 73' lang='grc' dir='ltr'><em>ἐξάρχοντος,</em></span> <span class='ocrx_word' id='word_1_201' title='bbox 916 2174 958 2240; x_wconf 89' lang='lat' dir='ltr'><strong>qni</strong></span> <span class='ocrx_word' id='word_1_202' title='bbox 981 2174 1044 2226; x_wconf 91' lang='lat' dir='ltr'><strong>olim</strong></span> <span class='ocrx_word' id='word_1_203' title='bbox 1070 2192 1133 2227; x_wconf 89' lang='lat' dir='ltr'><strong>con·</strong></span> 
     </span>
     <span class='ocr_line' id='line_1_25' title="bbox 158 2241 1135 2313; baseline -0.002 -18"><span class='ocrx_word' id='word_1_204' title='bbox 158 2251 256 2296; x_wconf 86' lang='lat' dir='ltr'><strong>stanter</strong></span> <span class='ocrx_word' id='word_1_205' title='bbox 271 2244 355 2294; x_wconf 89' lang='lat' dir='ltr'><strong>lectus</strong></span> <span class='ocrx_word' id='word_1_206' title='bbox 375 2244 408 2295; x_wconf 91' lang='lat' dir='ltr'><strong>ad</strong></span> <span class='ocrx_word' id='word_1_207' title='bbox 426 2251 551 2294; x_wconf 88' lang='lat' dir='ltr'><strong>cantorem</strong></span> <span class='ocrx_word' id='word_1_208' title='bbox 565 2245 686 2309; x_wconf 87' lang='lat' dir='ltr'><strong>pertinet,</strong></span> <span class='ocrx_word' id='word_1_209' title='bbox 698 2245 790 2295; x_wconf 84' lang='lat' dir='ltr'><strong>secisse</strong></span> <span class='ocrx_word' id='word_1_210' title='bbox 808 2245 989 2294; x_wconf 80' lang='lat' dir='ltr'><strong>nominativum</strong></span> <span class='ocrx_word' id='word_1_211' title='bbox 1002 2241 1135 2313; x_wconf 80' lang='grc' dir='ltr'><em>ἐξάρχον-</em></span> 
     </span>
     <span class='ocr_line' id='line_1_26' title="bbox 156 2307 1134 2380; baseline 0 -17"><span class='ocrx_word' id='word_1_212' title='bbox 156 2327 218 2370; x_wconf 76' lang='grc' dir='ltr'><em>τεςι</em></span> <span class='ocrx_word' id='word_1_213' title='bbox 236 2314 309 2378; x_wconf 87' lang='lat' dir='ltr'><strong>qussi</strong></span> <span class='ocrx_word' id='word_1_214' title='bbox 322 2313 454 2364; x_wconf 82' lang='lat' dir='ltr'><strong>saltatores</strong></span> <span class='ocrx_word' id='word_1_215' title='bbox 468 2312 517 2362; x_wconf 88' lang='lat' dir='ltr'><strong>dici</strong></span> <span class='ocrx_word' id='word_1_216' title='bbox 530 2319 635 2377; x_wconf 86' lang='lat' dir='ltr'><strong>possent</strong></span> <span class='ocrx_word' id='word_1_217' title='bbox 646 2307 774 2380; x_wconf 74' lang='grc' dir='ltr'><em>ἐξάρχειν</em></span> <span class='ocrx_word' id='word_1_218' title='bbox 786 2308 899 2377; x_wconf 84' lang='grc' dir='ltr'><em>μολπῆς.</em></span> <span class='ocrx_word' id='word_1_219' title='bbox 926 2310 990 2362; x_wconf 85' lang='lat' dir='ltr'><strong>Nam</strong></span> <span class='ocrx_word' id='word_1_220' title='bbox 1003 2315 1134 2378; x_wconf 89' lang='lat' dir='ltr'><strong>proprium</strong></span> 
     </span>
     <span class='ocr_line' id='line_1_27' title="bbox 157 2379 1134 2446; baseline 0.001 -16"><span class='ocrx_word' id='word_1_221' title='bbox 157 2380 184 2431; x_wconf 91' lang='lat' dir='ltr'><strong>id</strong></span> <span class='ocrx_word' id='word_1_222' title='bbox 202 2388 241 2432; x_wconf 88' lang='lat' dir='ltr'><strong>est</strong></span> <span class='ocrx_word' id='word_1_223' title='bbox 258 2382 322 2441; x_wconf 85' lang='lat' dir='ltr'><strong>eius,</strong></span> <span class='ocrx_word' id='word_1_224' title='bbox 341 2381 385 2446; x_wconf 87' lang='lat' dir='ltr'><strong>qui</strong></span> <span class='ocrx_word' id='word_1_225' title='bbox 404 2380 500 2432; x_wconf 86' lang='lat' dir='ltr'><strong>cithara</strong></span> <span class='ocrx_word' id='word_1_226' title='bbox 518 2380 560 2430; x_wconf 88' lang='lat' dir='ltr'><strong>vel</strong></span> <span class='ocrx_word' id='word_1_227' title='bbox 578 2380 641 2430; x_wconf 87' lang='lat' dir='ltr'><strong>tibia</strong></span> <span class='ocrx_word' id='word_1_228' title='bbox 658 2381 739 2440; x_wconf 88' lang='lat' dir='ltr'><strong>canit,</strong></span> <span class='ocrx_word' id='word_1_229' title='bbox 764 2396 809 2431; x_wconf 86' lang='lat' dir='ltr'><strong>seu</strong></span> <span class='ocrx_word' id='word_1_230' title='bbox 834 2379 955 2445; x_wconf 83' lang='lat' dir='ltr'><strong>praecinit</strong></span> <span class='ocrx_word' id='word_1_231' title='bbox 979 2379 1065 2433; x_wconf 90' lang='lat' dir='ltr'><strong>choro.</strong></span> <span class='ocrx_word' id='word_1_232' title='bbox 1100 2381 1134 2431; x_wconf 92' lang='lat' dir='ltr'><strong>Ut</strong></span> 
     </span>
     <span class='ocr_line' id='line_1_28' title="bbox 157 2444 1133 2514; baseline -0.001 -15"><span class='ocrx_word' id='word_1_233' title='bbox 157 2466 225 2500; x_wconf 88' lang='lat' dir='ltr'><strong>nunc</strong></span> <span class='ocrx_word' id='word_1_234' title='bbox 244 2465 285 2514; x_wconf 91' lang='lat' dir='ltr'><strong>ap.</strong></span> <span class='ocrx_word' id='word_1_235' title='bbox 303 2447 443 2498; x_wconf 86' lang='lat' dir='ltr'><strong>Pindarum</strong></span> <span class='ocrx_word' id='word_1_236' title='bbox 456 2455 515 2498; x_wconf 88' lang='lat' dir='ltr'><strong>sunt</strong></span> <span class='ocrx_word' id='word_1_237' title='bbox 527 2444 758 2514; x_wconf 73' lang='grc' dir='ltr'><em>ἀναξιφόρμιγγες</em></span> <span class='ocrx_word' id='word_1_238' title='bbox 768 2445 852 2512; x_wconf 82' lang='grc' dir='ltr'><em>όμνοι,</em></span> <span class='ocrx_word' id='word_1_239' title='bbox 867 2447 904 2498; x_wconf 88' lang='lat' dir='ltr'><strong>ita</strong></span> <span class='ocrx_word' id='word_1_240' title='bbox 915 2446 975 2498; x_wconf 89' lang='lat' dir='ltr'><strong>olim</strong></span> <span class='ocrx_word' id='word_1_241' title='bbox 990 2449 1057 2514; x_wconf 87' lang='lat' dir='ltr'><strong>apud</strong></span> <span class='ocrx_word' id='word_1_242' title='bbox 1070 2465 1133 2499; x_wconf 88' lang='lat' dir='ltr'><strong>eun-</strong></span> 
     </span>
     <span class='ocr_line' id='line_1_29' title="bbox 158 2513 1134 2585; baseline 0 -19"><span class='ocrx_word' id='word_1_243' title='bbox 158 2517 215 2567; x_wconf 90' lang='lat' dir='ltr'><strong>dem</strong></span> <span class='ocrx_word' id='word_1_244' title='bbox 234 2525 308 2567; x_wconf 87' lang='lat' dir='ltr'><strong>erant</strong></span> <span class='ocrx_word' id='word_1_245' title='bbox 326 2514 479 2585; x_wconf 72' lang='grc' dir='ltr'><em>ἀγεσίχορα</em></span> <span class='ocrx_word' id='word_1_246' title='bbox 495 2515 631 2581; x_wconf 83' lang='grc' dir='ltr'><em>προοίμια,</em></span> <span class='ocrx_word' id='word_1_247' title='bbox 650 2524 676 2568; x_wconf 89' lang='lat' dir='ltr'><strong>et</strong></span> <span class='ocrx_word' id='word_1_248' title='bbox 694 2516 762 2584; x_wconf 90' lang='lat' dir='ltr'><strong>apud</strong></span> <span class='ocrx_word' id='word_1_249' title='bbox 781 2514 957 2568; x_wconf 85' lang='lat' dir='ltr'><strong>Stesichorum</strong></span> <span class='ocrx_word' id='word_1_250' title='bbox 976 2513 1134 2584; x_wconf 81' lang='grc' dir='ltr'><em>ἀρχεσίμολ-</em></span> 
     </span>
     <span class='ocr_line' id='line_1_30' title="bbox 157 2579 1135 2650; baseline -0.001 -15"><span class='ocrx_word' id='word_1_251' title='bbox 157 2600 209 2642; x_wconf 87' lang='grc' dir='ltr'><em>πος</em></span> <span class='ocrx_word' id='word_1_252' title='bbox 226 2579 328 2636; x_wconf 83' lang='grc' dir='ltr'><em>Μοῦσα.</em></span> <span class='ocrx_word' id='word_1_253' title='bbox 364 2584 394 2634; x_wconf 90' lang='lat' dir='ltr'><strong>ln</strong></span> <span class='ocrx_word' id='word_1_254' title='bbox 418 2602 468 2650; x_wconf 91' lang='lat' dir='ltr'><strong>quo</strong></span> <span class='ocrx_word' id='word_1_255' title='bbox 491 2583 551 2635; x_wconf 86' lang='lat' dir='ltr'><strong>licet</strong></span> <span class='ocrx_word' id='word_1_256' title='bbox 568 2584 733 2636; x_wconf 83' lang='lat' dir='ltr'><strong>Aristarchus</strong></span> <span class='ocrx_word' id='word_1_257' title='bbox 757 2585 927 2635; x_wconf 86' lang='lat' dir='ltr'><strong>coniecturam</strong></span> <span class='ocrx_word' id='word_1_258' title='bbox 951 2600 1023 2633; x_wconf 89' lang='lat' dir='ltr'><strong>suam</strong></span> <span class='ocrx_word' id='word_1_259' title='bbox 1046 2584 1135 2635; x_wconf 84' lang='lat' dir='ltr'><strong>forsan</strong></span> 
     </span>
     <span class='ocr_line' id='line_1_31' title="bbox 157 2649 1135 2719; baseline 0 -16"><span class='ocrx_word' id='word_1_260' title='bbox 157 2654 226 2703; x_wconf 90' lang='lat' dir='ltr'><strong>tueri</strong></span> <span class='ocrx_word' id='word_1_261' title='bbox 250 2652 373 2718; x_wconf 88' lang='lat' dir='ltr'><strong>potuisset</strong></span> <span class='ocrx_word' id='word_1_262' title='bbox 397 2651 512 2704; x_wconf 87' lang='lat' dir='ltr'><strong>doctiore</strong></span> <span class='ocrx_word' id='word_1_263' title='bbox 537 2652 723 2718; x_wconf 84' lang='lat' dir='ltr'><strong>significatione</strong></span> <span class='ocrx_word' id='word_1_264' title='bbox 744 2649 858 2719; x_wconf 84' lang='grc' dir='ltr'><em>μολπῆς,</em></span> <span class='ocrx_word' id='word_1_265' title='bbox 881 2653 915 2718; x_wconf 87' lang='lat' dir='ltr'><strong>(v.</strong></span> <span class='ocrx_word' id='word_1_266' title='bbox 933 2651 1055 2717; x_wconf 88' lang='lat' dir='ltr'><strong>Apellen.</strong></span> <span class='ocrx_word' id='word_1_267' title='bbox 1073 2651 1135 2704; x_wconf 77' lang='lat' dir='ltr'><strong>Lex,</strong></span> 
     </span>
     <span class='ocr_line' id='line_1_32' title="bbox 157 2717 1134 2787; baseline -0.002 -14"><span class='ocrx_word' id='word_1_268' title='bbox 157 2739 181 2773; x_wconf 80' lang='lat' dir='ltr'><strong>v.</strong></span> <span class='ocrx_word' id='word_1_269' title='bbox 197 2717 371 2786; x_wconf 58' lang='lat' dir='ltr'><strong>belesmiae)</strong></span> <span class='ocrx_word' id='word_1_270' title='bbox 389 2737 439 2772; x_wconf 93' lang='lat' dir='ltr'><strong>nou</strong></span> <span class='ocrx_word' id='word_1_271' title='bbox 458 2720 545 2771; x_wconf 88' lang='lat' dir='ltr'><strong>dubito</strong></span> <span class='ocrx_word' id='word_1_272' title='bbox 562 2729 647 2772; x_wconf 88' lang='lat' dir='ltr'><strong>taman</strong></span> <span class='ocrx_word' id='word_1_273' title='bbox 666 2721 753 2772; x_wconf 89' lang='lat' dir='ltr'><strong>multis</strong></span> <span class='ocrx_word' id='word_1_274' title='bbox 772 2721 804 2771; x_wconf 91' lang='lat' dir='ltr'><strong>de</strong></span> <span class='ocrx_word' id='word_1_275' title='bbox 824 2719 907 2772; x_wconf 86' lang='lat' dir='ltr'><strong>causis</strong></span> <span class='ocrx_word' id='word_1_276' title='bbox 919 2720 1036 2770; x_wconf 86' lang='lat' dir='ltr'><strong>assentiri</strong></span> <span class='ocrx_word' id='word_1_277' title='bbox 1047 2736 1134 2787; x_wconf 88' lang='lat' dir='ltr'><strong>repre·</strong></span> 
     </span>
     <span class='ocr_line' id='line_1_33' title="bbox 157 2787 1137 2854; baseline -0.004 -12"><span class='ocrx_word' id='word_1_278' title='bbox 157 2789 310 2842; x_wconf 82' lang='lat' dir='ltr'><strong>hanseribua</strong></span> <span class='ocrx_word' id='word_1_279' title='bbox 326 2789 406 2840; x_wconf 86' lang='lat' dir='ltr'><strong>illius.</strong></span> <span class='ocrx_word' id='word_1_280' title='bbox 441 2789 471 2839; x_wconf 91' lang='lat' dir='ltr'><strong>In</strong></span> <span class='ocrx_word' id='word_1_281' title='bbox 490 2789 607 2854; x_wconf 87' lang='lat' dir='ltr'><strong>Odyssea</strong></span> <span class='ocrx_word' id='word_1_282' title='bbox 624 2805 681 2841; x_wconf 80' lang='lat' dir='ltr'><strong>vero</strong></span> <span class='ocrx_word' id='word_1_283' title='bbox 704 2790 758 2840; x_wconf 87' lang='lat' dir='ltr'><strong>illis</strong></span> <span class='ocrx_word' id='word_1_284' title='bbox 780 2788 894 2840; x_wconf 83' lang='lat' dir='ltr'><strong>versibus</strong></span> <span class='ocrx_word' id='word_1_285' title='bbox 919 2790 960 2838; x_wconf 83' lang='lat' dir='ltr'><strong>rix</strong></span> <span class='ocrx_word' id='word_1_286' title='bbox 981 2787 1056 2838; x_wconf 88' lang='lat' dir='ltr'><strong>locus</strong></span> <span class='ocrx_word' id='word_1_287' title='bbox 1080 2795 1137 2840; x_wconf 88' lang='lat' dir='ltr'><strong>erat</strong></span> 
     </span>
     <span class='ocr_line' id='line_1_34' title="bbox 158 2854 1138 2926; baseline -0.005 -16"><span class='ocrx_word' id='word_1_288' title='bbox 158 2866 262 2926; x_wconf 88' lang='lat' dir='ltr'><strong>propter</strong></span> <span class='ocrx_word' id='word_1_289' title='bbox 280 2874 319 2919; x_wconf 86' lang='lat' dir='ltr'><strong>aa,</strong></span> <span class='ocrx_word' id='word_1_290' title='bbox 337 2873 403 2925; x_wconf 90' lang='lat' dir='ltr'><strong>quae</strong></span> <span class='ocrx_word' id='word_1_291' title='bbox 420 2857 550 2908; x_wconf 81' lang='lat' dir='ltr'><strong>serissime</strong></span> <span class='ocrx_word' id='word_1_292' title='bbox 567 2864 655 2908; x_wconf 88' lang='lat' dir='ltr'><strong>monet</strong></span> <span class='ocrx_word' id='word_1_293' title='bbox 674 2857 764 2908; x_wconf 82' lang='lat' dir='ltr'><strong>Athen.</strong></span> <span class='ocrx_word' id='word_1_294' title='bbox 782 2873 807 2923; x_wconf 89' lang='lat' dir='ltr'><strong>p.</strong></span> <span class='ocrx_word' id='word_1_295' title='bbox 828 2857 885 2910; x_wconf 87' lang='lat'>181.</span> <span class='ocrx_word' id='word_1_296' title='bbox 904 2855 934 2906; x_wconf 78' lang='grc' dir='ltr'><strong>Ε.</strong></span> <span class='ocrx_word' id='word_1_297' title='bbox 969 2855 1003 2906; x_wconf 82' lang='lat' dir='ltr'><strong>Et</strong></span> <span class='ocrx_word' id='word_1_298' title='bbox 1020 2857 1089 2922; x_wconf 87' lang='lat' dir='ltr'><strong>qnod</strong></span> <span class='ocrx_word' id='word_1_299' title='bbox 1107 2854 1138 2905; x_wconf 81' lang='grc' dir='ltr'><strong>ἐκ</strong></span> 
     </span>
     <span class='ocr_line' id='line_1_35' title="bbox 158 2919 1136 2994; baseline -0.002 -18"><span class='ocrx_word' id='word_1_300' title='bbox 158 2928 208 2977; x_wconf 87' lang='grc' dir='ltr'><em>τοῦ</em></span> <span class='ocrx_word' id='word_1_301' title='bbox 225 2919 360 2994; x_wconf 79' lang='grc' dir='ltr'><em>Κρητικοῦ</em></span> <span class='ocrx_word' id='word_1_302' title='bbox 375 2925 464 2993; x_wconf 84' lang='grc' dir='ltr'><em>χοροῦ</em></span> <span class='ocrx_word' id='word_1_303' title='bbox 482 2925 527 2975; x_wconf 85' lang='grc' dir='ltr'><strong>τὸν</strong></span> <span class='ocrx_word' id='word_1_304' title='bbox 546 2921 615 2993; x_wconf 74' lang='grc' dir='ltr'><em>ᾡόὸν</em></span> <span class='ocrx_word' id='word_1_305' title='bbox 634 2922 749 2987; x_wconf 71' lang='grc' dir='ltr'><em>ἐξεῖλεν,</em></span> <span class='ocrx_word' id='word_1_306' title='bbox 767 2926 842 2976; x_wconf 90' lang='lat' dir='ltr'><strong>huius</strong></span> <span class='ocrx_word' id='word_1_307' title='bbox 859 2925 897 2975; x_wconf 87' lang='lat' dir='ltr'><strong>rei</strong></span> <span class='ocrx_word' id='word_1_308' title='bbox 915 2922 1071 2991; x_wconf 86' lang='lat' dir='ltr'><strong>probabilem</strong></span> <span class='ocrx_word' id='word_1_309' title='bbox 1090 2939 1136 2974; x_wconf 84' lang='lat' dir='ltr'><strong>ra·</strong></span> 
     </span>
     <span class='ocr_line' id='line_1_36' title="bbox 158 2991 1138 3059; baseline -0.002 -15"><span class='ocrx_word' id='word_1_310' title='bbox 158 2994 253 3045; x_wconf 87' lang='lat' dir='ltr'><strong>tionem</strong></span> <span class='ocrx_word' id='word_1_311' title='bbox 271 2995 368 3045; x_wconf 90' lang='lat' dir='ltr'><strong>nullam</strong></span> <span class='ocrx_word' id='word_1_312' title='bbox 387 2995 571 3054; x_wconf 87' lang='lat' dir='ltr'><strong>comminiscor,</strong></span> <span class='ocrx_word' id='word_1_313' title='bbox 589 2993 719 3045; x_wconf 88' lang='lat' dir='ltr'><strong>audaciam</strong></span> <span class='ocrx_word' id='word_1_314' title='bbox 737 3001 821 3045; x_wconf 86' lang='lat' dir='ltr'><strong>autem</strong></span> <span class='ocrx_word' id='word_1_315' title='bbox 839 2993 982 3059; x_wconf 81' lang='lat' dir='ltr'><strong>corrigendi</strong></span> <span class='ocrx_word' id='word_1_316' title='bbox 999 2998 1025 3042; x_wconf 91' lang='lat' dir='ltr'><strong>et</strong></span> <span class='ocrx_word' id='word_1_317' title='bbox 1042 2991 1138 3042; x_wconf 85' lang='lat' dir='ltr'><strong>liman-</strong></span> 
     </span>
     <span class='ocr_line' id='line_1_37' title="bbox 159 3060 1138 3128; baseline -0.003 -15"><span class='ocrx_word' id='word_1_318' title='bbox 159 3061 186 3113; x_wconf 90' lang='lat' dir='ltr'><strong>di</strong></span> <span class='ocrx_word' id='word_1_319' title='bbox 204 3079 279 3112; x_wconf 90' lang='lat' dir='ltr'><strong>nemo</strong></span> <span class='ocrx_word' id='word_1_320' title='bbox 296 3079 347 3112; x_wconf 90' lang='lat' dir='ltr'><strong>non</strong></span> <span class='ocrx_word' id='word_1_321' title='bbox 365 3060 486 3128; x_wconf 83' lang='lat' dir='ltr'><strong>intelligit</strong></span> <span class='ocrx_word' id='word_1_322' title='bbox 504 3064 629 3128; x_wconf 80' lang='lat' dir='ltr'><strong>insignem</strong></span> <span class='ocrx_word' id='word_1_323' title='bbox 648 3078 712 3113; x_wconf 88' lang='lat' dir='ltr'><strong>esse.</strong></span> <span class='ocrx_word' id='word_1_324' title='bbox 747 3061 784 3113; x_wconf 90' lang='lat' dir='ltr'><strong>At</strong></span> <span class='ocrx_word' id='word_1_325' title='bbox 803 3062 879 3114; x_wconf 89' lang='lat' dir='ltr'><strong>ctiam</strong></span> <span class='ocrx_word' id='word_1_326' title='bbox 898 3062 1029 3126; x_wconf 84' lang='lat' dir='ltr'><strong>maiorem,</strong></span> <span class='ocrx_word' id='word_1_327' title='bbox 1047 3067 1138 3126; x_wconf 85' lang='lat' dir='ltr'><strong>utpote</strong></span> 
     </span>
     <span class='ocr_line' id='line_1_38' title="bbox 159 3127 1137 3198; baseline -0.003 -16"><span class='ocrx_word' id='word_1_328' title='bbox 159 3137 227 3182; x_wconf 88' lang='lat' dir='ltr'><strong>certe</strong></span> <span class='ocrx_word' id='word_1_329' title='bbox 245 3129 361 3198; x_wconf 85' lang='lat' dir='ltr'><strong>pluribus</strong></span> <span class='ocrx_word' id='word_1_330' title='bbox 379 3136 405 3180; x_wconf 85' lang='lat' dir='ltr'><strong>et</strong></span> <span class='ocrx_word' id='word_1_331' title='bbox 422 3129 603 3196; x_wconf 85' lang='lat' dir='ltr'><strong>pulcherrimis</strong></span> <span class='ocrx_word' id='word_1_332' title='bbox 621 3130 734 3181; x_wconf 87' lang='lat' dir='ltr'><strong>versibus</strong></span> <span class='ocrx_word' id='word_1_333' title='bbox 758 3128 910 3190; x_wconf 87' lang='lat' dir='ltr'><strong>minantem,</strong></span> <span class='ocrx_word' id='word_1_334' title='bbox 934 3128 1052 3179; x_wconf 87' lang='lat' dir='ltr'><strong>adhibuit</strong></span> <span class='ocrx_word' id='word_1_335' title='bbox 1073 3127 1137 3179; x_wconf 90' lang='lat' dir='ltr'><strong>Dio·</strong></span> 
     </span>
     <span class='ocr_line' id='line_1_39' title="bbox 160 3196 1138 3267; baseline -0.003 -16"><span class='ocrx_word' id='word_1_336' title='bbox 160 3199 238 3251; x_wconf 88' lang='lat' dir='ltr'><strong>dorus</strong></span> <span class='ocrx_word' id='word_1_337' title='bbox 255 3199 467 3264; x_wconf 87' lang='lat' dir='ltr'><strong>Aristophaneus,</strong></span> <span class='ocrx_word' id='word_1_338' title='bbox 481 3197 591 3249; x_wconf 88' lang='lat' dir='ltr'><strong>delenda</strong></span> <span class='ocrx_word' id='word_1_339' title='bbox 603 3196 822 3267; x_wconf 68' lang='lat' dir='ltr'><strong>tetartemoria,</strong></span> <span class='ocrx_word' id='word_1_340' title='bbox 836 3197 926 3266; x_wconf 82' lang='lat' dir='ltr'><strong>Odyaa</strong></span> <span class='ocrx_word' id='word_1_341' title='bbox 939 3198 1032 3252; x_wconf 80' lang='lat'><strong>3-20.</strong></span> <span class='ocrx_word' id='word_1_342' title='bbox 1041 3196 1138 3249; x_wconf 88' lang='lat' dir='ltr'><strong>Verum</strong></span> 
     </span>
     <span class='ocr_line' id='line_1_40' title="bbox 159 3265 1138 3335; baseline -0.001 -16"><span class='ocrx_word' id='word_1_343' title='bbox 159 3269 210 3320; x_wconf 93' lang='lat' dir='ltr'><strong>hoo</strong></span> <span class='ocrx_word' id='word_1_344' title='bbox 227 3267 301 3318; x_wconf 89' lang='lat' dir='ltr'><strong>aliter</strong></span> <span class='ocrx_word' id='word_1_345' title='bbox 324 3267 423 3334; x_wconf 86' lang='lat' dir='ltr'><strong>accepit</strong></span> <span class='ocrx_word' id='word_1_346' title='bbox 446 3265 514 3332; x_wconf 90' lang='lat' dir='ltr'><strong>apud</strong></span> <span class='ocrx_word' id='word_1_347' title='bbox 536 3266 695 3320; x_wconf 87' lang='lat' dir='ltr'><strong>Athenaeum</strong></span> <span class='ocrx_word' id='word_1_348' title='bbox 721 3267 830 3320; x_wconf 80' lang='lat' dir='ltr'><strong>Gasaub.</strong></span> <span class='ocrx_word' id='word_1_349' title='bbox 849 3284 924 3335; x_wconf 87' lang='lat' dir='ltr'><strong>quem</strong></span> <span class='ocrx_word' id='word_1_350' title='bbox 946 3265 1004 3316; x_wconf 81' lang='lat' dir='ltr'><strong>vide</strong></span> <span class='ocrx_word' id='word_1_351' title='bbox 1028 3284 1052 3331; x_wconf 88' lang='lat' dir='ltr'><strong>p.</strong></span> <span class='ocrx_word' id='word_1_352' title='bbox 1077 3265 1138 3320; x_wconf 72' lang='lat'><strong>396.</strong></span> 
     </span>
     <span class='ocr_line' id='line_1_41' title="bbox 159 3331 1137 3402; baseline -0.002 -16"><span class='ocrx_word' id='word_1_353' title='bbox 159 3336 205 3386; x_wconf 90' lang='lat' dir='ltr'><strong>ubi</strong></span> <span class='ocrx_word' id='word_1_354' title='bbox 222 3343 290 3388; x_wconf 84' lang='lat' dir='ltr'><strong>recte</strong></span> <span class='ocrx_word' id='word_1_355' title='bbox 306 3334 383 3386; x_wconf 82' lang='lat' dir='ltr'><strong>etiam</strong></span> <span class='ocrx_word' id='word_1_356' title='bbox 401 3351 433 3386; x_wconf 80' lang='lat' dir='ltr'><strong>ec</strong></span> <span class='ocrx_word' id='word_1_357' title='bbox 452 3334 497 3385; x_wconf 76' lang='lat' dir='ltr'><strong>lsoc</strong></span> <span class='ocrx_word' id='word_1_358' title='bbox 514 3333 565 3384; x_wconf 87' lang='lat' dir='ltr'><strong>loco</strong></span> <span class='ocrx_word' id='word_1_359' title='bbox 584 3335 754 3402; x_wconf 68' lang='lat' dir='ltr'><strong>eolliyeadam</strong></span> <span class='ocrx_word' id='word_1_360' title='bbox 772 3338 850 3398; x_wconf 87' lang='lat' dir='ltr'><strong>dicet,</strong></span> <span class='ocrx_word' id='word_1_361' title='bbox 868 3341 966 3385; x_wconf 82' lang='lat' dir='ltr'><strong>nostros</strong></span> <span class='ocrx_word' id='word_1_362' title='bbox 978 3331 1053 3386; x_wconf 80' lang='lat' dir='ltr'><strong>bodie</strong></span> <span class='ocrx_word' id='word_1_363' title='bbox 1066 3333 1137 3384; x_wconf 81' lang='lat' dir='ltr'><strong>coeli-</strong></span> 
     </span>
     <span class='ocr_line' id='line_1_42' title="bbox 161 3401 1139 3470; baseline -0.002 -16"><span class='ocrx_word' id='word_1_364' title='bbox 161 3419 201 3454; x_wconf 81' lang='lat' dir='ltr'><strong>cea</strong></span> <span class='ocrx_word' id='word_1_365' title='bbox 224 3402 330 3455; x_wconf 80' lang='lat' dir='ltr'><strong>Homeri</strong></span> <span class='ocrx_word' id='word_1_366' title='bbox 358 3401 394 3452; x_wconf 82' lang='lat' dir='ltr'><strong>ed</strong></span> <span class='ocrx_word' id='word_1_367' title='bbox 419 3402 552 3454; x_wconf 82' lang='lat' dir='ltr'><strong>editionem</strong></span> <span class='ocrx_word' id='word_1_368' title='bbox 576 3403 768 3455; x_wconf 78' lang='lat' dir='ltr'><strong>Aristarcteom</strong></span> <span class='ocrx_word' id='word_1_369' title='bbox 790 3421 884 3470; x_wconf 78' lang='lat' dir='ltr'><strong>meque</strong></span> <span class='ocrx_word' id='word_1_370' title='bbox 909 3419 940 3454; x_wconf 76' lang='lat' dir='ltr'><strong>ex</strong></span> <span class='ocrx_word' id='word_1_371' title='bbox 959 3410 1036 3467; x_wconf 83' lang='lat' dir='ltr'><strong>porte</strong></span> <span class='ocrx_word' id='word_1_372' title='bbox 1053 3402 1139 3470; x_wconf 80' lang='lat' dir='ltr'><strong>salsae</strong></span> 
     </span>
    </p>
   </div>
   <div class='ocr_carea' id='block_1_6' title="bbox 161 3469 1138 3589">
    <p class='ocr_par' dir='ltr' id='par_1_6' title="bbox 161 3469 1138 3589">
     <span class='ocr_line' id='line_1_43' title="bbox 161 3469 1138 3588; baseline 0.001 -68"><span class='ocrx_word' id='word_1_373' title='bbox 161 3469 310 3588; x_wconf 57' lang='lat' dir='ltr'><strong>emepdutos.</strong></span> <span class='ocrx_word' id='word_1_374' title='bbox 346 3471 425 3523; x_wconf 80' lang='lat' dir='ltr'><strong>Plura</strong></span> <span class='ocrx_word' id='word_1_375' title='bbox 442 3472 474 3523; x_wconf 85' lang='lat' dir='ltr'><strong>de</strong></span> <span class='ocrx_word' id='word_1_376' title='bbox 492 3478 601 3540; x_wconf 89' lang='lat' dir='ltr'><strong>utraque</strong></span> <span class='ocrx_word' id='word_1_377' title='bbox 616 3471 699 3541; x_wconf 77' lang='grc' dir='ltr'><em>ῥήσει</em></span> <span class='ocrx_word' id='word_1_378' title='bbox 716 3491 732 3524; x_wconf 90' lang='lat' dir='ltr'><strong>a</strong></span> <span class='ocrx_word' id='word_1_379' title='bbox 751 3490 792 3525; x_wconf 85' lang='lat' dir='ltr'><strong>me</strong></span> <span class='ocrx_word' id='word_1_380' title='bbox 810 3475 837 3524; x_wconf 89' lang='lat' dir='ltr'><strong>in</strong></span> <span class='ocrx_word' id='word_1_381' title='bbox 854 3472 925 3524; x_wconf 88' lang='lat' dir='ltr'><strong>aliud</strong></span> <span class='ocrx_word' id='word_1_382' title='bbox 945 3482 1044 3540; x_wconf 88' lang='lat' dir='ltr'><strong>tempus</strong></span> <span class='ocrx_word' id='word_1_383' title='bbox 1062 3487 1138 3537; x_wconf 87' lang='lat' dir='ltr'><strong>repo-</strong></span> 
     </span>
     <span class='ocr_line' id='line_1_44' title="bbox 161 3553 263 3589; baseline 0.01 -1"><span class='ocrx_word' id='word_1_384' title='bbox 161 3555 213 3588; x_wconf 91' lang='lat' dir='ltr'><strong>nun</strong></span> <span class='ocrx_word' id='word_1_385' title='bbox 226 3553 263 3589; x_wconf 87' lang='lat' dir='ltr'><strong>ur.</strong></span> 
     </span>
    </p>
   </div>
   <div class='ocr_carea' id='block_1_7' title="bbox 186 3625 957 3703">
    <p class='ocr_par' dir='ltr' id='par_1_7' title="bbox 186 3625 957 3703">
     <span class='ocr_line' id='line_1_45' title="bbox 186 3625 957 3703; baseline 0.006 -36"><span class='ocrx_word' id='word_1_386' title='bbox 186 3625 249 3667; x_wconf 82' lang='lat' dir='ltr'><strong>Wcl</strong></span> <span class='ocrx_word' id='word_1_387' title='bbox 257 3625 276 3676; x_wconf 84' lang='lat' dir='ltr'><strong>t,</strong></span> <span class='ocrx_word' id='word_1_388' title='bbox 290 3625 457 3676; x_wconf 72' lang='lat' dir='ltr'><strong>Preleaomsna.</strong></span> <span class='ocrx_word' id='word_1_389' title='bbox 933 3663 957 3703; x_wconf 69' lang='lat' dir='ltr'>n</span> 
     </span>
    </p>
   </div>
   <div class='ocr_carea' id='block_1_8' title="bbox 0 0 1365 4116">
    <p class='ocr_par' dir='ltr' id='par_1_8' title="bbox 0 0 1365 4116">
     <span class='ocr_line' id='line_1_46' title="bbox 0 0 1365 4116; baseline 0 0"><span class='ocrx_word' id='word_1_390' title='bbox 0 0 1365 4116; x_wconf 95' lang='lat' dir='ltr'><strong> </strong></span> 
     </span>
    </p>
   </div>
  </div>
 </body>
</html>
