2694 4116
489 399 700 452 -115-

105 573 188 626 quarn
214 557 357 627 quisquam
382 561 495 627 postea,
516 556 556 611 'ad
582 553 778 612 recensendum
804 560 927 613 accessit.
967 555 1014 614 Ab
1035 559 1083 614 illo

104 632 140 688 ad
162 633 295 703 Apiomm
314 633 393 687 buius
423 633 553 688 historiae
579 633 685 688 tertiam
706 635 850 704 periodum
878 636 1082 704 constituimus3

103 712 137 777 in-
152 727 215 781 qua
238 711 346 765 demum
372 709 536 765 Critioorum
562 717 590 766 et
617 709 864 766 Grammaticorum
888 711 1006 782 meritis,
1037 713 1084 784 qui

103 788 249 858 fungorum
270 787 352 842 modo
372 786 556 842 Alexandriae
577 793 605 841 et
624 785 754 856 Pergami
773 788 997 857 succrescebant,
1022 805 1085 843 coa·

104 865 222 918 stantior
234 865 333 934 formo
353 871 438 918 tectae
457 863 569 918 inducta
589 871 640 918 est.
679 861 740 917 Iam
760 864 852 918 multis
873 865 954 918 rebus
974 865 1083 935 penitus

105 957 239 995 conversa
259 947 319 996 erat
338 941 422 994 facies
443 939 609 994 Graecarum
628 941 796 1009 litterarum,
817 941 857 994 uti
878 942 996 1010 ipsarum
1018 942 1083 995 civi-

104 1024 202 1072 tatum.
240 1017 296 1071 Pro
316 1016 392 1079 foris,
413 1033 463 1086 pro
483 1017 594 1086 pulpitis
617 1023 644 1070 et
663 1018 751 1070 scenis
772 1022 800 1070 et
813 1017 1017 1071 celebritatibus
1030 1034 1080 1086 pu·

104 1094 183 1148 blicis
204 1111 297 1148 musea
318 1100 345 1148 et
364 1093 564 1162 bibliothecae,
589 1109 639 1162 pro
660 1093 781 1164 ingenio,
809 1093 981 1164 propriarum
1001 1110 1083 1162 opum

105 1169 203 1239 divite,
229 1169 338 1239 trepida
364 1177 391 1224 et
417 1168 600 1223 mediocribus
621 1170 694 1222 ausis
715 1185 744 1223 se
765 1170 936 1223 committens
956 1169 1082 1236 imitatio,

103 1263 154 1318 pro
175 1247 267 1316 poesis
288 1253 316 1300 et
336 1245 510 1316 eloquentiae
531 1247 742 1301 concitatissimo
764 1245 860 1314 spiritu
880 1246 980 1312 sobria,
1001 1257 1086 1316 saepe

104 1323 205 1394 frigide
218 1323 345 1390 eruditio,
366 1323 393 1376 in
414 1339 562 1392 omnesque
576 1330 667 1393 partes
682 1322 864 1376 doctrinarum
879 1321 977 1376 diffusa
991 1322 1083 1389 lectio,

103 1416 154 1470 pro
181 1399 344 1456 inventionis
372 1398 494 1454 sollertia
519 1399 650 1453 sedulitas
678 1404 705 1454 at
732 1415 796 1452 cura
823 1407 851 1452 et
875 1400 948 1452 nitor
973 1398 1084 1468 quidam

105 1473 291 1547 dispositionis
310 1475 466 1545 poeticique
487 1476 627 1542 sermonis,
648 1492 698 1546 pro
721 1476 819 1528 artium
834 1475 949 1545 denique
965 1476 1083 1529 omnium

104 1553 248 1624 magnifico
270 1557 298 1606 et
317 1552 410 1606 nativo
431 1550 498 1606 flore
527 1552 646 1606 corollae
672 1569 706 1606 ex
726 1551 845 1622 undique
867 1552 1002 1621 decerptis
1021 1550 1082 1605 flos·

105 1631 173 1684 culis
194 1629 325 1683 collectae
345 1627 584 1696 conspiciebantur
591 1626 636 1698 ⁶⁹).
670 1627 703 1684 In
718 1627 761 1680 bis
779 1636 871 1682 autem
885 1627 990 1695 studiis,
1013 1643 1083 1697 quae
1098 1667 1100 1677 ,

103 1720 175 1760 nunc
203 1706 317 1760 maxime
341 1719 417 1760 amor
443 1705 616 1774 antiquorum
639 1693 832 1759 imitandorum
857 1705 1008 1770 excitabat,
1036 1721 1084 1756 ore

105 1783 158 1836 init
178 1781 374 1850 interpretandi
392 1789 416 1834 et
436 1781 606 1850 emendandi,
633 1782 733 1836 lentius
762 1788 898 1833 commota
918 1786 1013 1848 antea,
1040 1781 1083 1833 cui

104 1859 196 1914 nullus
216 1866 338 1912 veterum
358 1861 503 1927 poetarum
517 1858 636 1928 largiora
652 1857 753 1928 pabula
766 1856 918 1926 praebebat
931 1873 1013 1924 quem
1026 1855 1084 1909 Ho-

105 1951 205 1990 merus.
245 1934 311 1988 Mox
330 1933 423 1988 eadem
446 1951 490 1988 ers
510 1936 636 1988 traducta
658 1939 700 1986 est
720 1933 755 1986 ad
774 1932 842 1985 alios
869 1935 980 2001 poetas,
1006 1949 1084 2000 prae-

106 2013 186 2082 cipue
207 2011 318 2082 lyricos,
338 2010 467 2080 tragicos,
489 2011 616 2077 comicos,
638 2011 703 2063 item
723 2009 758 2064 ad
772 2007 926 2076 historicos,
949 2015 1082 2074 oratores,

104 2087 236 2156 medicos,
257 2092 285 2140 et
305 2094 335 2140 ut
356 2087 484 2157 quodque
503 2103 590 2156 genus
609 2087 714 2156 insigne
736 2093 794 2139 erat
813 2084 980 2154 praestantia
994 2101 1083 2138 rerum

106 2172 134 2220 et
155 2163 323 2218 obscuritate
342 2163 497 2217 verborum.
537 2161 584 2215 Ad
611 2163 686 2216 illum
707 2179 785 2215 usum
804 2161 950 2215 latissimos
971 2177 1081 2230 campos

104 2235 230 2305 ποικίλης
245 2235 401 2304 φολολονίος
417 2245 583 2308 aperuerunt
603 2238 796 2306 Grammatici,
817 2244 1020 2308 coeperuntque
1039 2253 1084 2292 ac-

110 2325 222 2372 curatae
243 2314 475 2386 interpretationis
497 2315 593 2368 silvam
614 2315 743 2384 colligere
771 2331 805 2368 ex
826 2314 980 2383 cognitione
1000 2313 1084 2366 histo-

108 2396 176 2461 riae,
197 2391 391 2463 chronologiae
412 2392 631 2460 reliquarumque
651 2391 768 2460 partium
792 2391 976 2459 antiquitatis,
1002 2388 1083 2442 simul

104 2471 195 2540 ipsam
216 2470 326 2539 linguae
341 2469 464 2524 Graecae
484 2475 607 2522 naturam
628 2474 655 2521 et
675 2467 806 2521 rationem
827 2467 950 2534 scrutari,
971 2481 1084 2534 eamque

104 2547 141 2602 ad
162 2547 237 2618 leges
257 2545 400 2616 analogiae
421 2552 449 2600 ct
469 2544 693 2598 consuetudinem
714 2545 847 2596 bonorum
866 2549 1010 2597 auctorum
1029 2540 1084 2594 exi-

103 2640 184 2694 gere,
210 2623 406 2678 vocabulorum
433 2621 522 2674 varias
550 2621 650 2675 classes
674 2619 837 2687 describere,
860 2619 914 2666 τῶν
933 2612 1018 2665 πολλὰ
1037 2630 1082 2681 οη·

102 2695 265 2760 μαινόντων,
278 2693 377 2758 ὁμοίων
398 2706 425 2752 et
446 2692 583 2761 eracapere
604 2697 836 2765 dialectorumque
857 2696 1023 2748 differentias
1038 2693 1083 2746 de-

103 2775 190 2841 finire,
212 2782 239 2828 et
258 2776 315 2830 alia
336 2776 369 2829 de
389 2775 441 2826 hcc
461 2790 560 2842 genere
581 2775 685 2842 agitare
706 2773 830 2842 plurima,
853 2771 1083 2842 quibusmultum

103 2852 216 2908 mutatis
237 2852 360 2920 subinde,
381 2852 478 2904 misere
498 2851 640 2916 truncatis,
662 2850 688 2902 in
709 2850 777 2903 alias
797 2856 880 2917 atque
900 2849 968 2902 alias
982 2847 1083 2901 formas

103 2928 215 2996 refictis,
237 2927 319 2981 hodie
340 2943 449 2997 quoque
470 2927 496 2978 in
518 2926 634 2980 doctiori
659 2925 749 2979 studio
771 2925 923 2994 linguarum
944 2941 1025 2994 saepe
1045 2924 1083 2976 in-

104 3006 154 3058 scii
173 3005 287 3058 fruimur
295 3003 339 3073 ⁶⁰).

174 3219 207 3282 ὃ9)
231 3217 335 3268 Erudite
358 3217 423 3266 haec
445 3222 590 3281 persecutus
614 3223 655 3264 est
678 3212 792 3278 Heyuius
816 3212 842 3260 iu
865 3211 931 3261 Dias.
956 3210 988 3260 de
1009 3208 1084 3274 genio

105 3288 200 3341 saeculi
219 3288 430 3342 Ptolemaeorum,
449 3283 545 3349 Opusc.
564 3281 632 3332 acad.
651 3281 708 3332 Vol.
728 3281 747 3331 1.

174 3357 207 3422 ⁰⁰)
227 3355 309 3417 Quam
327 3354 414 3403 multia
433 3354 459 3400 in
479 3351 553 3400 rebus
573 3351 646 3399 etiam
665 3365 735 3397 nunc
753 3346 908 3412 pendeamus
926 3345 957 3393 ab
976 3343 1083 3394 Alexan·

73 3465 78 3473 .
105 3428 234 3478 drinorum
253 3422 356 3472 iudiciis
375 3431 401 3470 et
419 3419 645 3476 lucubrationibus,
665 3415 816 3480 singulatim
835 3412 959 3477 exemplis
978 3413 1083 3461 demon·

105 3505 187 3546 strare
205 3507 298 3558 operae
317 3489 424 3554 pretium
444 3490 534 3536 iuerat.
571 3486 612 3535 eie
630 3485 710 3534 omnis
730 3487 781 3532 lere
799 3481 902 3547 vulgata
923 3479 1085 3544 chronologia

105 3563 196 3613 borum
217 3569 255 3610 eat
272 3556 514 3611 Alexandrinorum,
533 3554 570 3603 sic
587 3552 783 3602 innumerabilia
802 3553 828 3598 in
853 3549 993 3598 subtilitate
1017 3561 1084 3597 vete·

104 3647 162 3682 rum
180 3629 336 3696 linguarum,
355 3626 392 3676 sic
411 3623 468 3674 alia.
503 3621 575 3673 Unus
595 3622 639 3672 ille
658 3617 769 3670 delectae
787 3617 951 3669 classicorum
974 3614 1083 3679 scripto·

905 3718 931 3758 εὔ
