2694 4116
641 312 832 365 ..90-

254 471 297 526 Ibi
317 470 473 524 fabulantur
488 469 600 524 infimae
621 471 717 524 aetatis
738 469 923 540 Grammatici,
943 478 1088 543 postquam
1108 469 1220 524 Homeri

256 564 339 616 opera
358 547 513 616 periissent,
538 548 668 601 incertum
692 547 748 618 igni
768 565 802 601 an
822 555 897 602 motu
918 554 1006 604 terrae
1025 565 1059 602 an
1079 547 1159 616 aquis
1179 546 1222 599 ab·

254 629 369 692 sumpta,
390 623 505 678 edixisse
524 623 711 692 Pisistratum,
737 630 767 678 ut
793 625 918 679 exomni
939 624 1054 680 Graecia
1074 623 1224 678 deferretur

254 699 289 754 ad
304 716 342 767 se,
357 699 380 752 si
394 699 458 770 quid
471 699 646 754 Homericum
660 700 765 770 uspiam
778 701 884 756 lateret.
914 702 959 756 Ita
971 703 1110 756 inventum
1120 699 1223 768 passim

255 793 322 843 esse,
344 776 390 845 qui
411 782 518 831 centurn
538 793 647 840 versus,
668 777 758 844 aliurn,
779 778 826 847 qui
845 777 932 845 mille,
954 778 1037 832 alium
1058 777 1155 844 stiam,
1181 775 1225 844 qni

254 853 382 906 maiorem
408 870 548 907 numerum
574 852 717 906 conferret.
757 854 863 924 Quibus
889 855 1013 909 omnibus
1034 853 1151 922 receptis
1172 851 1226 905 col-

254 929 385 998 lectisque
400 929 488 999 ipsum
503 929 594 983 statim
609 946 789 1000 congregasse
803 931 913 984 LXXII
927 931 1137 996 Grammaticos,
1152 927 1226 998 (Ari-

255 1013 329 1060 steae
350 1005 471 1060 fabulam
493 1006 569 1059 audis
591 1006 624 1060 de
638 1005 748 1060 LXXII
763 1007 959 1076 interpretibus
973 1006 1147 1074 Bibliorum,)
1169 1022 1226 1060 eos·

256 1098 308 1150 que
328 1081 438 1136 iussisse
459 1083 530 1136 banc
550 1082 713 1152 farraginem
733 1083 760 1136 in
781 1084 879 1137 iustum
895 1084 1015 1138 ordinem
1029 1082 1162 1152 redigere.
1194 1080 1226 1134 In

255 1158 308 1211 hoc
328 1175 456 1213 consessu
476 1157 720 1213 Grammaticorum
747 1176 811 1231 praa
835 1161 932 1214 ceteris
952 1161 1094 1214 Zenodoto
1116 1166 1145 1212 et
1167 1158 1227 1211 Ari·

257 1235 365 1288 starcho
386 1234 463 1288 locus
484 1242 533 1304 est,
554 1252 644 1290 errore
664 1236 830 1306 turpissimo,
852 1253 867 1289 a
887 1254 942 1307 quo
962 1243 1053 1291 tamen
1066 1251 1117 1289 nec
1129 1236 1228 1288 Eusta-

255 1311 329 1364 thius
344 1328 394 1365 nec
407 1313 573 1366 recentiores
589 1312 698 1382 quidam
713 1313 786 1366 docti
797 1319 967 1368 recesserunt
975 1312 1019 1381 10).
1042 1312 1135 1381 Atque
1150 1311 1228 1364 huius

256 1388 334 1440 unius
354 1387 463 1441 fabulae
484 1389 645 1442 auctoritate
666 1405 695 1442 se
714 1396 841 1442 tueantur
862 1389 888 1459 ii,
910 1390 957 1460 qui
979 1389 1153 1443 Pisistratum
1176 1404 1228 1440 nou

255 1463 342 1532 prima
354 1463 488 1533 scriptura
501 1465 641 1535 collegisse
653 1471 680 1519 et
694 1465 859 1535 disposuisse
874 1466 1007 1534 Carmina,
1022 1465 1070 1520 sed
1084 1465 1225 1528 distracta,

257 1711 387 1763 scindente
405 1710 449 1762 καὶ
467 1710 612 1778 διόρθωσιν
632 1710 814 1781 Ἀριστάρχου
832 1710 875 1762 καὶ
892 1706 1052 1792 Ζηνοδότου·
1088 1707 1132 1758 καὶ
1151 1707 1228 1759 πάλιν

258 1779 365 1849 ἔκριναν
384 1782 437 1831 τῶν
456 1779 504 1830 δύο
522 1779 681 1832 συνδέσεών
705 1797 734 1831 τε
759 1778 802 1829 καὶ
825 1779 999 1848 διορδονσειυν
1023 1776 1154 1841 βελτίονα
1180 1777 1228 1846 τὴν
1325 1811 1326 1816 ,

258 1847 447 1918 Ἀριστάρχου.
481 1844 583 1917 Ἐπειδὴ
602 1850 633 1900 δέ
650 1865 724 1905 τινες
740 1850 794 1897 τῶν
814 1846 1020 1914 συναγαγόντιυν
1045 1844 1111 1903 τοὺς
1125 1843 1231 1913 Ἱλμηρι·
1325 1879 1326 1896 ι

257 1917 320 1975 κοδς
338 1916 447 1986 στίχους
469 1917 538 1984 πρὸς
561 1917 608 1968 τάν
634 1914 847 1982 Πεισίστρατον,
872 1914 915 1966 διὰ
938 1916 970 1965 τά
997 1913 1108 1965 πλείονα
1130 1913 1230 1974 μισδδν
1325 1967 1326 1976 2

257 1985 361 2050 λαβεῖν,
379 1984 423 2034 καί
441 1984 525 2043 ἰδίους
540 1983 654 2056 στίχους,
673 1984 713 2043 άνς
729 1983 901 2054 προείρηται,
919 1983 1085 2048 σκεψάμενοι
1097 1982 1231 2050 προςέδη-

258 2070 317 2116 καν,
336 2051 379 2102 καὶ
403 2051 454 2121 ἤδη
477 2052 505 2102 ἐν
529 2054 661 2123 συνηδείᾳ
684 2053 808 2120 ἐγένοντο
830 2053 888 2111 τοῖς
909 2050 1146 2114 ἀναγινώσκουσιν·
1184 2049 1231 2100 οὐκ

259 2119 342 2172 ἔλαδε
360 2123 440 2170 τοῦτο
457 2120 521 2178 τοὺς
537 2125 640 2206 κριτάς,
658 2120 725 2172 ἀλλὰ
742 2119 791 2183 μὲν
810 2120 854 2171 διὰ
872 2121 920 2189 τὴν
939 2119 1085 2188 συνήθειαν
1104 2116 1148 2168 καὶ
1166 2117 1230 2186 πρά

258 2188 337 2257 ληψιν
355 2188 460 2254 ἀφῆκαν
479 2188 577 2248 αδτους
593 2191 712 2250 κεῖσδαι,
729 2187 888 2252 ὀβελίσκους
905 2187 935 2239 δὲ
953 2187 1057 2255 ἑκάστῳ
1075 2189 1130 2236 τῶν
1144 2185 1230 2237 ἀδοκί-

258 2274 316 2320 μων
334 2253 378 2306 καὶ
396 2254 543 2324 ἀλλοτρίων
561 2257 605 2308 καί
623 2255 740 2314 ἀναξίων
759 2259 807 2307 τοῦ
825 2258 935 2325 ποιητοῦ
952 2255 1000 2306 στί
1016 2273 1053 2306 ιον
1078 2271 1116 2305 πα
1138 2255 1230 2306 ατιδὲ-

258 2341 351 2386 μενοι,
376 2327 455 2376 τοῦτο
478 2323 546 2376 αὐτὸ
572 2324 761 2390 ἐπεδείξαντο,
785 2324 823 2383 ὡς
846 2323 953 2383 ἀνάξιοί
973 2339 1025 2374 εσι
1042 2321 1110 2373 rori‘
1130 2322 1228 2391 μη’ρου.

259 2393 315 2444 Non
334 2394 438 2444 indocta
455 2402 526 2454 sunt,
550 2413 613 2461 quaa
635 2397 661 2446 in
685 2396 725 2446 his
749 2392 883 2461 postremis
906 2396 1028 2459 leguntur
1052 2393 1083 2442 de
1106 2393 1231 2458 suspectis

259 2463 370 2513 uersibus
388 2465 414 2513 in
432 2480 478 2513 sua
497 2463 556 2513 sado
573 2465 683 2516 relictis:
703 2465 801 2529 quade
820 2480 846 2513 re
864 2463 928 2513 infra
947 2461 1026 2512 dicam
1046 2462 1072 2510 in
1091 2460 1232 2510 Zenodoro.

258 2530 364 2581 Brevius
381 2528 452 2582 aliud
479 2531 563 2584 Schol.
582 2535 655 2582 cuius
672 2533 775 2582 initium
793 2531 819 2580 in
836 2539 889 2582 not.
913 2531 961 2584 39.
987 2529 1060 2588 dedi,
1085 2531 1122 2578 sic
1145 2537 1233 2578 narrat

260 2600 291 2649 de
309 2599 450 2651 Pisistrato:
467 2595 626 2666 Ἐδέλησε
643 2600 704 2668 τὴν
724 2597 863 2666 Ὁμήρου
893 2595 1033 2665 ποίησιν
1053 2593 1232 2663 ἔγγραφον

260 2665 573 2733 διαφυλάττεσθαι·
592 2665 709 2735 προδελς
726 2666 756 2717 δὲ
773 2667 866 2733 ἀγῶνα
885 2663 1026 2734 δημοτελ”,
1045 2663 1088 2713 καλ
1100 2661 1233 2732 κηρύξας,

259 2732 304 2784 καὶ
321 2733 385 2792 δοὺς
403 2732 496 2786 άδειαν
512 2737 571 2794 τοῖς
588 2735 672 2786 εἰδόσι
688 2734 732 2786 καὶ
748 2733 920 2799 βουλομένοις
941 2732 975 2785 τὰ
995 2681 1110 2799 ‘drappos
1135 2730 1232 2782 ἐπιδεί-

259 2802 383 2866 κνυσδαι,
401 2803 445 2853 καὶ
462 2803 559 2866 μισδδν
579 2801 665 2862 τάξας
689 2803 779 2873 στίχου
803 2803 918 2853 ἑκάστου
942 2799 1056 2865 ὀβολόν,
1079 2799 1232 2868 συνήγαγεν

262 2868 422 2939 δλοσχερεῖς
443 2870 494 2929 τὰς
516 2870 623 2934 λέξεις,
647 2870 691 2922 καὶ
713 2872 871 2939 παρέδωκεν
895 2867 1051 2937 ἀνθρώποις
1074 2870 1167 2934 σοφοῖς
1189 2867 1233 2918 καὶ

262 2938 444 3007 ἐπιστήμοσιν.
480 2941 530 2991 Hic
546 2957 613 2992 unus
631 2948 669 2991 est
687 2957 700 2991 s
719 2941 905 3002 Grammaticis,
924 2939 968 3004 qui
977 2937 1090 3002 primum
1105 2936 1233 3001 exemplar

262 3025 279 3057 ο
302 3007 438 3058 Pisistrato
462 3016 587 3073 paratum
611 3009 704 3060 diserto
725 3010 862 3060 confirmat.
897 3008 979 3057 Antea
1000 3024 1050 3056 non
1073 3008 1233 3072 scripturam,

262 3077 306 3127 sad
323 3077 399 3126 solam
418 3075 641 3128 διδασκαλίαν
659 3077 842 3144 rhapsodorum
860 3075 1034 3127 conservando
1052 3073 1164 3124 Homero
1190 3075 1232 3124 ad·

261 3145 365 3196 bibitam
378 3161 433 3197 esso
446 3146 513 3197 dicit.
543 3146 605 3196 Tam
617 3147 709 3196 diserte
725 3146 787 3196 haec
797 3160 870 3194 nemo
885 3145 959 3194 docet
972 3151 1071 3209 praeter
1082 3143 1232 3207 Iosephum;

255 3223 289 3264 at
307 3215 394 3265 eadem
412 3222 495 3264 umen
513 3215 603 3266 docent
620 3230 715 3265 omues.

331 3281 362 3352 ¹⁰)
380 3283 443 3334 Post
457 3299 561 3348 magnos
580 3283 755 3348 compilatores
767 3281 897 3332 Historiae
908 3279 1058 3330 universalis
1071 3279 1150 3330 istum
1162 3296 1231 3330 arro·

261 3367 324 3410 ram,
342 3354 386 3402 vix
402 3351 567 3402 Anacharsidi
585 3351 697 3417 Scythae
714 3349 904 3416 ignoscendum,
923 3347 1022 3400 omissis
1040 3357 1126 3398 umen
1151 3349 1231 3398 nomi·

262 3421 337 3470 nibus
355 3421 578 3471 Grammaticorum
590 3419 690 3485 repetiit
701 3419 854 3470 Bartbelem.
867 3419 895 3467 in
909 3418 1001 3468 lutrod,
1013 3417 1044 3466 ad
1059 3415 1127 3466 illius
1139 3414 1231 3466 Itinera

262 3489 292 3536 P.
310 3489 329 3538 I.
348 3499 417 3549 extr..
436 3491 479 3540 ubi
496 3497 581 3540 cetera
598 3503 700 3555 quoque
716 3487 822 3539 historia
839 3485 913 3538 Hom.
932 3501 1036 3552 operum
1054 3483 1087 3534 ad
1105 3484 1231 3552 vulgarem

262 3555 366 3607 modum
383 3567 505 3608 narratur.
