2694 4116
498 373 708 426 —133-

9 519 18 566 ':
95 527 145 582 ille
165 528 286 582 omnium
306 529 389 598 longe
409 528 577 585 clarissimus
597 529 782 587 Aristarchus.
814 532 867 589 Sed
882 535 1077 608 Aristophanis

9 611 17 644 ν’
95 606 126 659 in
147 611 252 660 ceteras
272 611 365 676 partes
385 605 554 678 philologiae
575 609 660 662 multo
680 608 862 664 luculentiora
882 611 1009 668 videntur
1022 632 1075 670 me·

9 690 19 722 ¹·
95 685 152 739 rita
170 682 263 748 misse,
284 700 365 754 quam
385 683 411 736 in
433 683 597 752 Homerum3
628 683 760 753 siquidem
788 685 816 739 in
836 688 1017 760 quadraginta
1036 692 1077 747 lo·

10 767 13 800 l
95 761 146 828 cis,
168 760 196 814 in
217 759 316 828 quibus
335 777 353 814 a
373 759 511 814 veteribus
533 760 698 828 celebratur,
725 761 770 814 vix
797 762 879 816 semel
905 771 954 820 aut
978 767 1076 822 iterum

95 838 199 893 mentio
221 837 253 890 fit
273 835 369 891 horam
389 834 544 892 carminum
564 838 599 892 ab
623 837 671 891 illo
692 838 887 894 recensitorum
901 841 944 896 vel
958 842 1076 899 illustra·

9 921 11 954 ἵ
93 911 239 983 toram⁸⁸).

176 989 285 1045 Etenim
305 989 367 1059 ille,
392 995 422 1044 ut
443 1007 561 1044 summas
581 1007 624 1044 res
644 993 793 1062 generatim
814 1009 975 1063 persequar,
997 1011 1076 1064 prae·

96 1073 140 1122 ter
162 1067 285 1122 delectus
306 1073 334 1120 et
353 1083 480 1122 censuras
500 1065 663 1136 scriptorum
687 1067 818 1138 cuiusque
845 1069 938 1124 classis
960 1072 1075 1140 optimo·

97 1161 165 1212 rum,
187 1161 256 1214 quas
276 1143 311 1198 ab
334 1140 519 1212 Aristophane
545 1143 685 1198 utilissime
712 1143 850 1200 institutas
873 1145 991 1201 absolvit
1011 1145 1075 1202 Ari·

9 1229 11 1250 ³
96 1219 281 1289 starchus⁸⁹),
307 1219 409 1274 maiore
436 1219 577 1288 diligentia
599 1220 700 1290 primns
721 1221 870 1290 inquisivit,
892 1222 957 1291 quid
978 1224 1073 1294 genui-

9 1342 12 1366 ,
96 1315 161 1350 num
181 1301 230 1352 aut
250 1297 370 1366 spuriam
391 1300 464 1350 esset
484 1295 512 1348 in
531 1297 711 1351 monumentis
725 1298 846 1366 priorum
860 1298 1072 1370 temporum⁹⁰);

9 1381 12 1444 .
94 1374 199 1444 primus
212 1373 285 1427 idem
299 1371 500 1428 Grammaticeu
513 1373 621 1442 linguae
636 1371 767 1441 Graecae,
789 1373 905 1429 maxime
919 1375 1073 1446 analogiam

9 1497 10 1502 ,
95 1456 124 1504 et
143 1449 264 1520 reliquas
283 1454 389 1519 partes,
416 1465 486 1518 quae
506 1448 629 1504 discretis
648 1465 720 1504 nunc
738 1450 953 1520 professionibus
972 1471 990 1508 a
1011 1453 1071 1524 phi·

9 1519 11 1592 ζ
92 1524 217 1596 losophis
237 1531 403 1592 tractantur,
423 1525 529 1580 acutius
550 1527 663 1580 rimatus
684 1532 725 1580 est
734 1525 787 1596 91),
814 1527 943 1597 varieque
966 1546 1072 1584 omnem

9 1653 10 1661 ,
90 1602 163 1656 hano
184 1608 269 1656 artem
289 1603 429 1670 instruxit,
457 1602 567 1657 inventa
593 1603 673 1656 etiam
699 1604 839 1658 notatione
859 1609 1020 1660 accentuum
1042 1613 1070 1663 et

91 1780 220 1848 pellerent
238 1779 334 1831 Scholl.
353 1778 417 1838 τοὺς
434 1779 486 1831 απὸ
505 1775 669 1848 Ζηνοδότου,
689 1783 754 1832 sicut
773 1780 836 1839 τοὺς
853 1780 898 1833 ἀπ’
925 1781 1068 1852 ’Apostrop-

88 1865 151 1918 χου,
173 1847 356 1908 Aristarcheos,
375 1867 396 1899 s.
415 1857 444 1900 ut
461 1848 540 1900 Varro
559 1850 644 1912 vertit,
664 1851 695 1899 ab
714 1849 865 1900 Aristarcho
877 1849 1071 1914 Grammaticos,

91 1915 159 1975 τοὺς
176 1914 229 1968 ἀπὸ
246 1911 395 1984 Κράτητος
412 1925 457 1970 eto.
489 1917 554 1969 Ante
572 1919 770 1984 Aristophanem
788 1913 876 1970 tame'n
894 1919 942 1970 hoe
960 1921 1072 1972 docendi

91 1984 236 2036 institutum
253 1985 335 2036 videri
354 1992 436 2051 potest
454 1984 580 2050 placuisse
599 1986 765 2048 Callimacho,
778 2003 853 2052 quem
871 1989 954 2053 ipsum
967 2005 1071 2054 quoque

91 2053 138 2104 ille
161 2053 264 2105 audivit.
306 2051 410 2120 Quippe
436 2051 597 2104 Callimachei
624 2056 786 2106 nominantur
816 2055 885 2121 apud
908 2056 1071 2108 Athenaeum

90 2121 248 2188 Hermippus
272 2131 297 2172 et
320 2123 413 2183 lstrus,
436 2124 505 2173 idem
528 2120 620 2183 Istrus,
645 2123 794 2182 atomos,
814 2122 1071 2176 cuiusduoerrores

90 2191 235 2241 refutentur
253 2191 279 2240 iu
304 2197 401 2256 septem
427 2190 489 2242 locis
508 2189 616 2250 Scholl,
639 2191 672 2241 ad
717 2229 722 2240 .
748 2194 806 2246 110.
832 2190 859 2242 d.
877 2194 937 2246 491.
962 2205 986 2242 κ.
1011 2195 1070 2249 298.

91 2259 152 2310 439.
172 2274 195 2309 ν.
213 2261 273 2314 629.
296 2275 319 2309 o.
339 2259 398 2313 230.
423 2274 448 2309 τ.
466 2260 508 2312 34.
544 2258 629 2324 Ipsius
653 2259 804 2311 Callimachi
826 2262 861 2314 30
884 2259 946 2310 locis
970 2260 1070 2312 laudati

90 2325 156 2375 nihil
174 2327 290 2387 occurrit,
308 2326 375 2393 quod
392 2328 494 2395 propris
511 2329 633 2393 scriptum
657 2328 689 2379 sit
713 2327 745 2378 ad
770 2327 868 2380 emend.
898 2335 941 2380 aut
963 2328 1069 2394 interpr.

90 2393 169 2443 Hom.
187 2395 226 2445 Ex
245 2395 294 2446 alio
312 2395 380 2446 eninr
398 2412 490 2462 genere
508 2403 576 2458 sunt,
595 2396 642 2446 etei
661 2404 767 2462 utroque
786 2395 947 2462 pertinentia,
968 2397 1001 2447 ad
1020 2397 1068 2448 Cs-

90 2460 135 2511 tol·
153 2463 213 2516 332.
231 2471 257 2514 et
273 2465 306 2514 ad
324 2463 417 2528 Odyss.
436 2461 459 2517 d.
479 2466 502 2518 l.
521 2479 561 2529 ep.
581 2480 660 2514 unum
678 2463 805 2525 Eusteth,
831 2463 873 2515 cni
896 2464 926 2518 cl.
946 2465 1069 2530 Apellen.

89 2529 156 2581 Lex.
175 2548 200 2583 v.
219 2529 386 2599 κητώεσσαν.

161 2598 193 2666 ⁸⁸)
211 2601 278 2652 Vide
296 2603 391 2652 Menrs.
410 2598 477 2652 Bibl.
496 2601 539 2652 Gr.
559 2619 584 2668 p.
605 2601 679 2656 1254.
698 2600 729 2652 T.
748 2598 780 2648 X.
800 2599 876 2652 unes.
898 2601 977 2652 oron.
1014 2599 1065 2652 Sed

88 2667 197 2718 Meursii
221 2676 247 2720 et
269 2677 408 2721 ceterorum
432 2669 582 2720 industriam
599 2668 671 2720 brevi
693 2667 822 2733 superabit
845 2669 935 2720 doctus
957 2668 1068 2730 iuvenis,

89 2733 240 2801 Bredovius,
258 2739 285 2788 iu
303 2739 440 2789 Commeat
462 2739 493 2788 de
511 2738 562 2788 vita
580 2744 605 2788 et
622 2736 720 2802 scriptis
739 2735 813 2786 huius
832 2735 1018 2803 Aristophanis.

160 2804 192 2871 ⁸⁰)
211 2806 250 2856 Ita
268 2805 418 2872 interpretor
437 2805 557 2868 Quinctil.
576 2804 610 2867 X,
630 2806 708 2864 1‚54.
727 2805 768 2858 59.
786 2802 825 2854 De
842 2821 877 2866 re,
896 2821 972 2870 quam
991 2805 1067 2856 modo

90 2873 169 2992 ὃηῐςὶ
187 2891 212 2924 n.
231 2875 281 2934 60..
299 2874 488 2926 accuratissime
506 2873 677 2940 disputantem
694 2871 877 2924 Ruhnkenium
889 2873 945 2924 ride
959 2875 985 2923 in
998 2874 1066 2926 Hist.

115 2949 177 2991 ratt.
196 2941 239 2993 Gr.
258 2951 321 2994 extr.

160 3009 195 3072 ⁰⁰)
215 3009 280 3061 Vide
297 3009 421 3070 Quinctil.
440 3011 460 3072 1,
479 3014 503 3071 1,
524 3008 563 3064 15.
581 3016 608 3061 et
624 3017 674 3061 ret.
694 3007 815 3060 Scholion
834 3009 975 3061 Hesiodico
988 3009 1068 3062 Scuto

90 3075 123 3128 ab
142 3077 209 3128 Aldo
228 3087 254 3129 et
273 3079 360 3146 Steph.
379 3078 530 3138 subiectum,
548 3077 574 3128 in
597 3095 647 3145 quo
665 3077 818 3142 Fragmento
842 3077 990 3129 anctoritate
1007 3077 1066 3127 Ari-

90 3143 225 3214 stophanis
243 3146 382 3209 dubitatur,
402 3164 433 3198 an
452 3146 559 3198 Hesiodi
577 3146 603 3198 id
621 3145 728 3198 Carmen
750 3144 833 3196 fuerit.
868 3145 940 3207 Quae
958 3145 1066 3212 suspicio

88 3213 157 3267 haud
175 3213 252 3265 dubie
270 3217 301 3266 ad
321 3224 386 3268 totos
403 3209 577 3282 Καταλόγους
589 3215 716 3281 pertinuit.
746 3215 786 3264 De
799 3215 920 3264 extremis
933 3212 1067 3276 Odysseae

89 3283 230 3334 abeodem
248 3282 339 3336 Oritlco
357 3286 384 3334 iu
402 3284 506 3336 dubium
523 3284 644 3334 revocatis
663 3282 714 3332 dixi
732 3298 808 3348 snpra
826 3298 880 3349 cap.
899 3278 1014 3342 XXXI.-

159 3351 192 3416 91)
210 3350 329 3403 Studiose
346 3353 441 3418 legerat
459 3350 504 3402 illa
522 3350 616 3412 Varro,
642 3351 674 3401 de
690 3349 719 3402 1.
738 3349 767 3400 1..
791 3353 913 3402 scribens.
936 3349 1001 3400 Vide
1019 3345 1065 3402 IV.

88 3419 149 3471 edit
167 3420 268 3487 Bipont.
288 3438 314 3486 p.
331 3423 372 3476 51.
392 3419 458 3471 v111.
478 3438 503 3486 p.
523 3421 579 3475 129.
601 3417 645 3470 IX.
670 3436 694 3485 p.
717 3420 773 3472 177.
809 3418 924 3479 Quorum
948 3417 1065 3470 locorum

88 3490 167 3540 altero
185 3489 346 3540 confirmatur
362 3488 397 3550 id,
416 3488 483 3554 qnod
507 3488 594 3554 paullo
616 3494 676 3538 ante
699 3485 843 3552 suspicatus
867 3501 924 3536 sum
949 3485 981 3536 de
1005 3501 1066 3536 cou-

88 3556 225 3609 suetudine
243 3558 366 3609 sermonis
385 3555 483 3608 veritati
500 3556 637 3622 analogiae
654 3553 800 3620 posthabita
817 3571 833 3605 a
850 3553 1033 3606 Grammaticis.
