2694 4116
134 3047 135 3054 ,
234 2997 306 3062 Ιδύο,
323 2995 330 3017 ’
347 2995 422 3056 lide
438 2996 492 3049 rol
507 2994 696 3058 Ὀδύσσεια,
715 2995 865 3079 διῃρημένη
883 2995 1004 3062 ἑκατέρα
1022 2993 1063 3051 εἰς
1080 2992 1128 3044 τὸν

627 239 838 294 -156-

246 399 326 472 pulo,
352 397 525 468 quantumvis
548 402 644 464 acuto,
671 397 827 468 contingere
851 415 906 452 non
930 398 1018 453 solere
1045 397 1224 452 coniunctam

246 475 340 531 iudicii
359 473 537 529 subtilitatem
557 490 618 528 cum
638 473 729 528 divina
741 473 842 544 ingenii
854 475 882 528 vi
895 491 929 529 ac
942 471 1090 545 spiritu⁴⁰),
1116 475 1222 545 ubique

246 557 324 607 vates
343 550 427 605 fuisse
447 551 600 622 ingeniosos
620 556 683 605 ante
702 557 788 605 artem
801 550 938 606 sollertius
952 551 1111 620 percultam,
1135 557 1223 621 atque

245 628 316 684 adeo
335 627 481 697 plurimum
500 626 631 696 polluisse
650 626 708 682 sino
728 627 784 681 illa.
823 628 895 683 Nolo
916 627 1065 682 Homerum
1085 627 1104 681 i.
1127 645 1151 682 e.
1172 645 1226 682 an·

245 705 325 773 tiqua
339 702 465 759 Carmina
476 703 577 758 Ionum
596 720 754 772 comparere
774 723 836 758 cnm
849 703 957 759 Ossiani
970 703 1143 758 Carminibus
1158 702 1225 758 Oel-

246 780 317 848 tiois,
338 797 408 850 quse
428 786 519 836 tamen
539 796 589 833 nec
609 781 688 834 unius
708 781 806 834 aetatis
826 797 876 835 nec
895 781 1013 850 genuina
1025 780 1106 834 nobis
1118 779 1223 835 tradita

247 873 306 912 esse
326 862 408 927 pulo:
428 857 477 911 sed
498 857 532 911 dc
553 855 665 910 Ariosto
686 863 713 912 et
726 855 926 928 Shakaspeario
946 874 1025 911 nemo
1043 858 1083 911 ita
1097 858 1223 924 senserit,

246 939 277 988 ut
304 950 352 988 eos
373 949 434 988 oum
452 933 559 1004 ingenio
584 939 611 988 et
630 938 689 988 arte
708 932 822 987 Homeri
841 932 1038 1004 comparandos
1057 938 1149 1003 neget.
1183 933 1224 987 At

246 1027 335 1064 nonne
348 1009 375 1064 in
388 1010 431 1064 his
445 1011 531 1066 multa
543 1016 614 1078 sunt,
636 1026 707 1080 quea
721 1010 887 1080 Lessingn'us,
912 1009 1083 1077 Wielsndus,
1102 1008 1224 1064 Vossius

246 1085 376 1140 mumnda
395 1093 423 1140 et
443 1085 588 1141 recidenda
607 1092 743 1156 putarent,
769 1087 793 1141 si
813 1086 934 1140 criticam
953 1086 1044 1141 lacere
1065 1085 1168 1140 vellent
1187 1086 1224 1139 ad

246 1161 413 1217 Graecorum
435 1161 558 1216 morem?
597 1161 690 1232 Quid?
717 1163 739 1216 si
760 1163 884 1219 diversos
901 1162 1010 1216 illorum
1029 1166 1175 1233 poetarum
1196 1170 1226 1217 et

246 1239 431 1308 discrepantes
452 1239 560 1294 codices
580 1238 755 1308 haberemus,
781 1257 869 1294 nonne
894 1240 922 1295 id
946 1241 990 1293 vel
1010 1255 1141 1294 summam
1162 1256 1222 1293 mo

247 1314 361 1369 destiam
388 1316 449 1371 aevi
475 1315 561 1370 nostri
585 1315 620 1369 sd
642 1314 775 1371 Graecam
794 1315 937 1372 audaciam
954 1314 1104 1370 invitaret?
1145 1315 1222 1386 Quid

246 1389 335 1445 adeo?
361 1391 384 1446 si
411 1409 425 1446 a
453 1391 624 1447 discordibus
650 1393 810 1447 testimoniis
837 1399 976 1448 cantorum
1001 1399 1028 1447 et
1047 1391 1225 1446 librariorum

246 1465 422 1521 Aristarchus
447 1486 481 1523 ne
507 1474 634 1538 potuerat
659 1469 781 1538 quidem,
810 1469 934 1540 quamvis
959 1468 1107 1534 voluisset,
1135 1485 1226 1538 eoque

246 1543 324 1597 unice
345 1543 462 1598 animum
482 1545 648 1615 intendisset,
671 1563 827 1614 germanum
848 1553 883 1614 et,
904 1551 935 1599 ut
954 1546 993 1599 ita
1014 1546 1110 1610 dicam,
1131 1545 1225 1614 primi-

247 1619 356 1690 genium
374 1616 441 1667 ἀδὸν
467 1621 611 1690 reducers;
638 1623 871 1693 quandoquidem,
899 1622 964 1692 quid
993 1623 1062 1676 inter·
1091 1622 1165 1674 hunc
1198 1627 1227 1674 et

251 1697 389 1766 egregium
414 1696 593 1767 rhapsodum,
624 1706 707 1768 atque
731 1718 824 1753 rursus
831 1740 838 1767 ,
869 1698 934 1768 quid
960 1699 1031 1753 inter
1055 1698 1226 1768 rhapsodum

246 1772 376 1826 mediocri
402 1773 509 1844 ingenio
535 1780 568 1828 et.
582 1775 732 1830 Homerum
757 1776 946 1830 dormitantem
972 1775 1088 1829 subinde
1115 1782 1144 1828 et
1171 1791 1224 1828 sno

246 1849 403 1904 abutentem
417 1849 524 1921 ingenio
537 1851 689 1920 interesset,
708 1853 783 1906 nulla
801 1852 916 1906 bominis
930 1851 1080 1922 sagacitate
1095 1851 1223 1922 dignosci

248 1926 346 1993 potuit.

323 2017 369 2073 Sic
396 2020 511 2090 denique
536 2030 663 2092 apparet,
694 2039 773 2092 quarn
800 2039 900 2091 anceps
925 2021 1046 2077 conditio
1073 2021 1112 2075 roi
1140 2021 1226 2076 luerit

246 2100 319 2163 tum,
341 2113 422 2165 quum
443 2095 618 2153 Aristarchus
638 2101 758 2154 Homero
779 2115 910 2153 summam
930 2115 1038 2154 manum
1058 2097 1224 2166 imponeret.

248 2171 388 2226 Videlicet
412 2172 483 2227 huno
508 2173 636 2229 Critioum
667 2176 812 2230 absolvisse
837 2176 942 2228 ἀοοιιιιιι
966 2175 1035 2227 hacc
1056 2173 1174 2242 politam
1204 2181 1228 2228 et

246 2249 404 2303 οοιιοίηιιοιιι
425 2246 610 2318 διασκευὴν
630 2246 779 2318 Ὁμηρικήν,
799 2252 829 2304 ic
848 2269 903 2320 quc
922 2269 970 2304 cco
988 2251 1105 2304 medium
1120 2251 1226 2318 primo,

245 2343 293 2379 rrsc
315 2326 399 2378 imum
423 2325 557 2396 discrepat
581 2329 682 2395 medio,
709 2325 878 2397 eundemque
904 2327 1020 2381 fortasse
1046 2326 1115 2381 haec
1138 2343 1227 2395 opera

247 2401 302 2456 duo
316 2401 343 2455 in
357 2402 416 2470 bas,
437 2420 506 2473 quae
520 2413 787 2471 nunc'nnmerantur,
808 2404 969 2474 rhapsodias
983 2402 1115 2470 divisisse,
1139 2400 1222 2456 Corn-

245 2480 442 2534 mentatoribus
473 2485 500 2534 et
526 2479 714 2535 Grammaticis
741 2481 891 2534 Homericis
922 2479 1002 2535 facile
1029 2477 1223 2549 credimusss).

250 2642 456 2657 -'—*-—

314 2711 348 2776 ⁴⁰)
367 2713 456 2776 Longe
475 2710 525 2761 alia
543 2716 613 2760 aetas
631 2709 745 2776 producit
762 2709 907 2775 scriptores,
930 2707 986 2774 pari
1005 2705 1158 2758 excellentus
1182 2706 1225 2756 in-

247 2778 323 2844 genio
340 2786 365 2828 et
382 2788 443 2838 arte,
462 2794 563 2844 eosque,
583 2778 635 2844 qui,
653 2775 720 2827 nihil
733 2784 849 2842 peccant,
867 2774 920 2826 nisi
938 2773 1005 2839 quod
1023 2772 1091 2824 nibil
1106 2782 1227 2838 peccant,

249 2855 276 2896 ut
293 2854 350 2912 apta
368 2846 434 2896 Plin.
452 2847 488 2896 ait
505 2847 571 2913 Epp.
591 2846 635 2908 Ν,
655 2845 695 2899 26.

316 2930 349 3048 *γ
367 2930 423 2981 Vct.
444 2931 584 2982 Grammat.
603 2930 635 2981 de
660 2929 731 2996 poesi
749 2931 824 2980 Hom.
844 2930 867 2982 2.
901 2923 976 2978 Εἰσὶν
1003 2924 1076 2994 αὐτῷ
1099 2923 1224 3042 ποιὲσεις

1184 2993 1224 3044 ιθ·

246 3065 297 3130 μὸν
316 3067 371 3117 τῶν
390 3065 540 3137 στοιχείων,
559 3064 609 3136 οὐχ
627 3063 668 3117 ὑπ’
688 3063 772 3116 αὐτοῦ
789 3082 837 3116 τοο
861 3065 990 3132 ποιητοῦ,
1009 3059 1067 3113 ἀλλ’
1090 3059 1142 3111 ὑπὸ
1162 3009 1222 3112 icis

247 3131 445 3202 Γραμματικῶν
474 3136 538 3185 τῶν
569 3132 647 3203 περὶ
676 3131 901 3203 Ἀρίσταρχον.
943 3131 981 3184 cf.
1006 3131 1123 3182 Eustath.
1150 3147 1175 3195 p.
1198 3131 1224 3184 5.

247 3213 312 3255 extr.
332 3211 358 3254 et
369 3201 447 3254 lensii
458 3203 603 3254 Lucubrett.
617 3202 727 3269 Hesyoh.
745 3219 770 3267 p.
782 3203 842 3256 284.
868 3200 992 3252 Similiter
1004 3199 1121 3250 lecerunt
1134 3199 1224 3250 Gram-

247 3272 331 3322 matici
349 3271 438 3324 (irasci
455 3271 481 3322 ia
498 3271 626 3322 Herodoto
643 3280 670 3321 et
687 3268 845 3336 Thucydide,
864 3268 1000 3334 multisque
1012 3267 1083 3333 aliis3
1102 3283 1161 3316 mox
1173 3266 1223 3316 Ira·

247 3340 307 3403 tini,
332 3349 449 3405 unquam
475 3339 594 3391 Octavius
617 3339 756 3405 Lampadio
778 3339 803 3388 in
828 3335 921 3388 Naevii
944 3335 1016 3386 Bello
1040 3335 1147 3384 Punico.
1183 3332 1223 3384 De

247 3407 358 3476 reliquo,
383 3409 451 3476 quod
468 3408 640 3460 Aristarchum
663 3405 737 3458 luins
759 3404 904 3474 διασκευῆς
925 3411 1028 3455 coatrae
1052 3403 1224 3468 conjectorem
