2702 4124
477 342 699 422 w--rr-

22 488 24 507 ⁵
120 509 237 584 Πηρείῃ,
261 505 344 577 idque
371 503 446 561 haud
473 504 555 560 dubie
580 521 615 562 ex
633 471 687 560 lroc
705 505 767 560 loco
786 506 919 576 praebent
938 503 1092 576 Stephanus

22 578 24 589 ⁴
118 585 190 654 Byr.
212 591 240 640 et
252 581 407 654 Hesychius
424 599 475 651 pro
495 582 606 652 regione
621 581 780 638 Thessaliae
792 581 890 639 Pheris
908 583 1005 638 τὶοἱπα.
1036 579 1092 636 esd

118 659 235 716 alierum
255 659 341 714 multo
362 658 481 729 plurium
499 658 645 713 lectionum
670 665 755 714 testes
781 665 888 715 exstent
911 658 1019 714 minime
1043 657 1092 712 olr-

119 738 212 792 scuri:
233 751 348 808 quorum
361 744 452 790 tamen
467 751 518 790 noc
537 751 665 790 numerus
684 751 737 790 nec
756 735 824 790 elius
844 741 967 806 speotste
985 734 1092 790 bonitus

26 840 28 851 =
119 813 203 870 fidem
222 815 312 870 iecere
331 818 423 882 potest
442 811 485 880 iis,
510 811 609 883 quibus
628 828 688 866 eum
706 812 820 867 istarum
839 811 930 882 eliqua
950 827 1093 866 ceussrum

25 908 26 947 ;
121 890 246 963 deroget.
286 888 348 959 Qua
368 905 401 944 ex
421 889 509 944 clssee
528 887 599 943 haec
620 888 744 959 exemplu
763 888 797 958 ei,
819 888 866 961 qui
887 888 999 944 Homeri
1018 888 1092 958 inge·

24 973 27 1049 j
118 967 195 1022 nium
214 974 243 1024 et
262 964 484 1036 consuetudinem
509 965 640 1036 loquendi
661 965 800 1035 calluerit,
826 965 892 1035 quid
917 963 1012 1032 velim,
1038 981 1093 1019 nno

7 1043 26 1102 ξι
121 1050 269 1115 conspectu
296 1042 455 1098 ostendent:
488 1041 522 1099 ll.
551 1063 578 1098 α.
597 1051 639 1104 20.
662 1046 775 1100 λῦσαιτε
798 1046 877 1116 φίλην
895 1045 931 1098 τὰ
949 1045 977 1097 δ’
996 1041 1095 1098 ἀποινα

7 1129 9 1150 ¹
120 1133 241 1205 όὲχεσόι
257 1136 390 1187 mutatum
407 1131 577 1186 inlocales
594 1151 624 1201 φ.
636 1132 672 1184 τά
683 1135 709 1185 τ’
722 1129 821 1186 ἄποινα
834 1132 974 1203 δέχεσθαι,
992 1131 1022 1198 β.
1034 1133 1094 1188 293.

7 1221 26 1289 ¹.
119 1222 152 1292 ἥν
172 1219 201 1274 in
219 1221 260 1286 ὅν,
276 1237 302 1288 7·
314 1222 357 1276 42.
367 1218 478 1284 ἐπόψιον
496 1217 525 1272 in
543 1219 665 1285 ὑπόψιον,
689 1219 713 1272 δ.
725 1221 767 1290 24.
778 1214 845 1288 Ἡρη
862 1214 981 1288 ἰῃἮρῃ,
999 1232 1023 1272 s,
1035 1217 1094 1272 Μ,

120 1305 298 1376 ἀποβήσομαι
308 1303 337 1357 in
348 1303 520 1375 ἐπιβήσομαι,
540 1305 563 1364 ζ.
575 1307 618 1362 51.
637 1303 732 1358 ἔπειόι
742 1303 772 1358 in
783 1303 869 1376 ὄρινε,
886 1322 912 1374 η.
925 1307 984 1360 277.
1001 1302 1095 1367 μέσσω

7 1415 8 1438 l
24 1458 26 1471 Ι
120 1391 149 1446 in
156 1391 293 1462 μέσσῳ,ό.
301 1394 362 1456 454,
372 1391 405 1444 τὸ
416 1389 500 1443 δὲκαὶ
509 1391 705 1456 τετελεσμένον
716 1389 793 1444 ἔσται
801 1393 827 1445 in
837 1392 870 1445 τὸ
880 1391 911 1444 δέ
920 1407 966 1442 κεν
976 1389 1095 1460 τετήτν,

7 1491 8 1544 l
24 1484 25 1532 i
120 1497 137 1530 ι.
148 1480 209 1534 632.
219 1479 301 1546 (628.)
309 1477 403 1545 φόνοιο
412 1477 440 1532 in
448 1481 562 1547 φονῆος,
579 1496 603 1532 κ.
615 1480 658 1535 88.
669 1475 756 1531 εἴσεαι
765 1477 929 1547 ὶαγνώσεαι,
944 1477 969 1530 l.
982 1480 1023 1536 51.
1030 1477 1096 1542 μεθ’

25 1561 28 1635 ’1
119 1562 226 1633 ἱππήων
236 1561 265 1616 in
273 1563 334 1632 μέγ’
343 1563 457 1634 ἱππήων,
466 1580 495 1626 μ.
504 1565 565 1620 382.
571 1564 697 1634 χείροσιν
712 1563 876 1635 ἀμφοτέρῃς
887 1567 920 1633 (a.
934 1563 1012 1636 χειρί
1015 1580 1050 1632 γι
1058 1567 1097 1634 τῇ

7 1653 9 1700 l
26 1654 28 1667 ¹
121 1648 219 1719 ἑτέρῃ)
228 1649 309 1718 φέροι
324 1649 353 1702 in
364 1648 491 1720 χείρεσσ
509 1649 673 1720 ἀμφοτέρῃς
688 1649 754 1722 ἔχοι,
771 1669 793 1704 ν.
802 1654 862 1710 485.
872 1651 999 1722 ἐνὶόομῷ
1016 1650 1097 1704 interl

121 1736 209 1806 θυμῷ,
219 1735 244 1796 ξ·
254 1740 313 1793 414.
320 1737 404 1808 ῥιπῆς
412 1734 441 1788 in
449 1734 564 1803 πλήφής,
575 1753 599 1787 ο.
611 1738 671 1794 379.
681 1736 742 1789 νόον
750 1737 780 1791 in
788 1736 898 1801 κτύπον,
906 1755 934 1792 π.
943 1739 1002 1794 732.
1013 1734 1096 1806 ἔπεχε

120 1837 150 1891 jn
173 1822 269 1892 ἔφεπε,
295 1840 324 1893 ρ.
340 1825 400 1880 365.
417 1821 499 1875 πόνον
522 1820 551 1875 in
575 1823 675 1890 φόνον,
703 1841 728 1880 ο.
740 1826 800 1882 531.
823 1823 911 1893 ἱράων
933 1824 962 1878 in
981 1823 1096 1893 εἰράων,

120 1927 146 1964 τ.
161 1913 202 1966 19.
228 1909 367 1978 ἑτάρπετο
393 1907 421 1961 in
448 1907 621 1977 τιτόρπετο,
650 1927 675 1962 ο.
693 1911 736 1968 35.
762 1908 878 1963 κέκαστο
904 1909 933 1962 in
959 1910 1095 1973 κέκασται,

120 2015 151 2066 φ.
163 1997 224 2053 493.
243 1993 338 2048 ἔπειτα
354 1994 382 2048 in
399 1994 511 2058 ὕπαιθα,
531 2014 560 2068 χ.
572 1997 632 2051 326.
650 1996 766 2059 μεμαώς
782 1995 811 2050 in
827 1999 969 2062 μεμαῶτα,
993 1996 1024 2061 ψ.
1035 1997 1095 2053 280.

120 2083 225 2142 σθένος
241 2082 269 2135 in
286 2081 372 2147 κλέος,
390 2103 421 2136 ω.
434 2087 492 2142 793.
510 2085 666 2155 κασίγνητοι
684 2083 784 2154 ἕταροί
798 2099 830 2137 τε
847 2081 876 2136 in
892 2080 1054 2151 κασίγνηταί
1066 2081 1096 2132 θ’

120 2167 224 2238 ἕταροί
237 2185 277 2222 τε.

199 2258 244 2312 Ex
262 2258 316 2313 illie
335 2277 444 2315 nuncu
469 2278 512 2316 me
537 2261 644 2317 reiectis
672 2261 835 2316 lectionibus
861 2260 1005 2316 nonnullae
1030 2263 1097 2316 satis

7 2325 8 2396 Ῐ
122 2335 253 2406 sntiqnos
280 2343 307 2390 et
326 2335 440 2392 idoneos
460 2344 586 2394 auctores
606 2337 724 2406 hebent,
749 2337 893 2408 partimin
913 2335 1029 2392 Scholiis
1049 2354 1096 2392 no·

122 2412 247 2468 minutim
265 2412 428 2482 appellatos.
488 2413 542 2484 Sep
566 2431 601 2468 ne
628 2414 731 2482 dicam,
759 2414 926 2469 diversarum
950 2412 1098 2469 lectionum

123 2488 237 2560 optione
251 2488 315 2543 deta
327 2489 407 2544 nobis
421 2490 525 2560 proprii
537 2491 630 2546 iudicii
642 2491 829 2546 necessitatem
838 2491 956 2560 imponi3
971 2491 1097 2561 quidest,

123 2564 200 2636 quod
214 2581 263 2619 nos
277 2565 370 2636 adiget
388 2567 418 2621 in
430 2567 515 2622 verbe
529 2566 691 2622 Criticorum
702 2573 832 2636 veterum,
850 2567 898 2622 ubi
914 2583 961 2622 sos
977 2566 1097 2624 Homero

122 2642 254 2697 indecore
280 2641 415 2698 interdum
442 2643 600 2699 melioribus
624 2645 677 2698 iem
703 2652 760 2700 tum
785 2643 901 2714 receptis
926 2644 1096 2714 praetulisse,

122 2726 173 2774 aut
185 2735 220 2773 ex
239 2718 393 2788 importune
408 2721 564 2776 coniectura
584 2721 708 2776 intulisse
721 2719 899 2791 repetiimus?
919 2721 1033 2775 Ridetur
1052 2738 1098 2776 cor

125 2794 260 2849 Zenodoti
284 2801 312 2849 et
337 2797 410 2850 iecur
440 2796 570 2866 θταιοιόιῑ
595 2814 629 2852 en
655 2796 815 2852 Aristarcho
843 2814 875 2852 eu
899 2797 1000 2868 ubique
1026 2799 1097 2855 scien

7 2866 28 2946 ,ἶ
124 2871 224 2926 mentis
245 2877 273 2926 et
292 2871 384 2926 iudicii
403 2872 470 2944 fuit,
497 2879 528 2926 ut
546 2875 582 2929 u'b
604 2891 636 2929 eo
657 2874 797 2930 dissentire
816 2875 852 2928 sit
871 2873 966 2928 nefas?
992 2874 1098 2931 Aucto·

7 2947 28 3011 i.
123 2949 233 3003 ritatem
257 2948 380 3018 profecto
401 2967 455 3004 non
474 2950 578 3005 fuciunt
598 2968 696 3023 magne
714 2952 835 3020 nomina3
862 2951 960 3021 quibus
980 2951 1048 3008 adeo
1073 2953 1098 3008 si

26 3026 28 3099 J
124 3025 211 3096 ipsius
237 3029 335 3095 politae
354 3034 488 3098 repugnet
507 3027 643 3098 ingenium
666 3034 694 3082 et
713 3026 821 3083 aliunde
841 3027 997 3098 exploratus
1022 3047 1096 3096 usus,

7 3111 9 3176 ξ
26 3107 27 3120 ’
125 3109 190 3156 utre
204 3101 290 3156 maior
303 3103 449 3158 auctoritas
465 3104 510 3171 ait,
530 3105 602 3160 illius
616 3122 650 3158 en
670 3105 762 3160 multis
782 3104 896 3160 saeculis
916 3105 1098 3175 posteriorum

126 3177 306 3246 criticorum,
333 3195 483 3249 persone
508 3181 691 3251 quaerendum
717 3183 826 3253 quidem
851 3180 895 3236 vel
921 3181 1098 3236 dubitandum

125 3253 244 3310 videtur.
285 3255 396 3310 Utinam
416 3256 497 3311 modo
519 3256 631 3329 singulis
651 3258 718 3313 locis
739 3263 884 3327 constaret,
905 3258 970 3330 quid
988 3258 1098 3312 illorum

125 3331 244 3402 quisque
258 3331 359 3402 primus
375 3332 508 3388 invexerit
525 3333 554 3388 in
573 3340 686 3405 textum,
707 3341 735 3390 et
755 3336 863 3406 qualem
883 3351 944 3390 eum
963 3334 1098 3405 acceperit

28 3416 29 3431 ¹
126 3426 144 3464 u
166 3408 360 3478 superioribus.

26 3524 28 3549 ,
205 3484 347 3540 Pertinent
371 3485 425 3540 huc
448 3487 531 3542 etiam
554 3487 654 3560 integri
685 3489 795 3560 quidem
817 3483 942 3557 versue,'
958 3506 1027 3560 quoe
1053 3488 1098 3544 vol

26 3608 28 3635 ,
127 3561 293 3632 optimorum
319 3563 511 3634 exemplarium
537 3566 701 3638 conspiratio
727 3583 745 3620 s
771 3564 923 3637 suspicione
952 3565 1099 3638 interpole-

155 3651 237 3702 Woll,
255 3651 422 3703 Prolegomens.
933 3657 945 3697 t
