2702 4124
539 357 733 409 ..13-

145 516 286 586 ingressus
305 533 380 584 snm,
409 531 532 583 cursum,
558 513 607 569 scd
629 520 764 568 extremos
786 517 892 567 tantum
919 513 985 568 fines
1011 511 1068 567 eius
1093 517 1122 567 et

145 609 278 647 summam
297 609 458 663 proponam.
504 591 590 661 Igitur
616 605 699 660 quum
725 589 855 659 vulgatae
881 590 1033 660 scripturae
1058 604 1123 642 con·

146 669 277 724 ditionem
298 668 403 724 eteius
426 667 615 722 reformandae
640 666 835 721 necessitatem
860 667 993 737 attigero,
1021 665 1121 735 primas

143 745 228 799 lineas
251 745 323 799 dabo
345 744 540 814 disquisitionis
547 785 555 812 ,
576 760 631 814 qua
650 760 700 814 per
720 759 765 796 sea
785 750 884 797 anates
904 743 1018 812 disparis
1038 742 1120 796 inter-

145 822 212 876 valli
234 827 262 876 et
282 821 383 892 ingenii
403 821 516 875 interior
536 820 652 876 historia
673 820 766 874 critica
786 819 883 874 horum
905 818 1059 874 Carminum
1084 821 1120 874 ad

143 903 268 953 nostrum
288 914 375 968 usque
395 903 503 968 tempus
525 897 684 951 deducatur.
718 893 844 950 Primum
863 902 975 950 calmem
994 896 1120 965 ponimus

143 975 179 1030 ab
201 975 303 1044 origine
321 977 453 1044 ipsorum,
473 972 500 1026 h.
516 990 540 1027 e.
559 980 682 1044 ternpore
697 973 820 1028 cultioris
834 972 925 1043 po'e'sis
940 972 1036 1026 ionum
1057 973 1120 1040 (cir-

145 1052 214 1106 citer
234 1057 297 1106 ante
309 1049 373 1105 Chr.
389 1053 476 1121 950.),
498 1049 533 1104 ad
547 1048 733 1117 Pisistratum,
755 1054 899 1121 tyrannum
913 1048 1118 1120 Atheniensem,

144 1127 189 1182 eui
209 1144 226 1182 a
245 1128 386 1182 veteribus
408 1128 523 1182 duorum
544 1119 702 1197 c'orporum,
730 1143 799 1196 quae
819 1143 891 1180 nunc
915 1125 1038 1194 obtinet,
1065 1125 1118 1180 dis-

142 1204 248 1275 positio
269 1204 413 1274 tribuitur3
434 1205 472 1258 ΙΙ.
493 1221 510 1257 a
529 1201 679 1257 Pisistrato
699 1203 734 1256 ad
756 1204 929 1270 Zenodotum,
950 1202 997 1273 qui
1016 1202 1119 1273 primus

142 1298 177 1336 ex
192 1281 385 1336 Grammaticis
406 1280 516 1334 criticae
529 1281 691 1334 Homericae
714 1279 889 1334 celebriorem
909 1281 981 1334 viam
995 1279 1116 1349 aperuit3

143 1359 197 1412 111.
218 1374 235 1411 a
250 1358 386 1410 Zenodoto
406 1357 443 1411 ad
457 1356 597 1426 Apicatam,
617 1362 730 1427 propter
743 1362 829 1410 artem
843 1356 1038 1427 interpretandi
1052 1360 1116 1426 poe'·

141 1441 195 1502 tae,
217 1440 249 1488 ut
262 1433 368 1488 Seneca
388 1434 491 1500 scribit,
513 1439 572 1487 tota
586 1432 703 1488 Graecia
723 1434 924 1503 circumlatum,
945 1434 997 1488 IV.
1012 1433 1046 1488 ab
1065 1434 1118 1487 hoc

140 1511 204 1565 inde
224 1511 259 1564 ad
281 1510 433 1579 Longinum
452 1526 486 1565 ac
506 1509 668 1580 discipulum
694 1511 767 1577 eius,
793 1507 992 1580 Porphyrium,
1020 1527 1036 1564 a
1062 1527 1117 1580 quo

140 1594 259 1656 unoque
280 1587 365 1640 lectio
387 1593 414 1640 et
434 1587 622 1656 interpretatio
642 1587 756 1640 Homeri
776 1587 897 1656 quodam
917 1587 998 1641 modo
1024 1587 1118 1641 adiuta

141 1669 197 1733 est,
223 1662 260 1717 V.
282 1661 474 1733 aPorpltyrio
495 1680 584 1731 usque
603 1663 638 1716 ad
658 1670 798 1717 auctorem
826 1663 952 1718 editionis
977 1664 1116 1734 principis,

139 1740 306 1794 Demetrium
319 1738 524 1810 Chalcondplen‚
532 1739 743 1809 Atheniensem
760 1738 811 1792 Vl.
823 1738 919 1794 horum
931 1740 1013 1794 trium
1025 1741 1116 1809 proxi-

140 1834 248 1870 morum
268 1818 449 1885 saeculorum,
471 1816 570 1886 quibus
584 1817 720 1870 Homerus
740 1816 821 1870 variis
841 1817 929 1870 modis
950 1817 1057 1885 ingenia
1075 1819 1115 1870 vi·

139 1909 232 1947 rorum
254 1893 397 1948 doctorum
418 1899 445 1947 et
460 1893 583 1946 officinas
597 1892 831 1963 typographorum
849 1893 968 1946 exercuit
976 1892 1008 1960 2).
1038 1893 1116 1946 Haec

140 1971 216 2039 prior
236 1987 300 2039 pars
321 1971 371 2024 erit
393 1969 472 2024 huius
486 1969 685 2037 Praefationia3
707 1968 843 2037 posterior
857 1969 884 2021 in
899 1969 996 2036 causis,
1018 1969 1116 2038 quibus
1163 1995 1173 2014 a

139 2046 291 2101 Homerica
312 2047 466 2102 emendatio
486 2047 603 2115 nitatur,
629 2045 848 2114 gravissimisque
870 2051 897 2100 et
918 2046 1035 2116 propriis
1059 2046 1117 2099 eius

143 2123 251 2193 legibus
272 2130 355 2193 atque
374 2124 402 2176 in
423 2123 528 2177 ratione
548 2122 652 2176 consilii
671 2121 757 2175 nostri
777 2122 915 2176 reddenda
934 2122 1095 2177 versabitur.

209 2273 233 2339 ²)
249 2273 319 2324 Haec
337 2290 388 2324 nna
406 2283 533 2340 postrema
551 2281 627 2339 aetas,
647 2291 723 2340 qnam
742 2273 768 2324 in
787 2274 877 2326 ceteris
895 2275 1060 2341 scriptoribus
1073 2276 1114 2326 hi·

139 2343 219 2392 storia
237 2342 360 2392 litteraria
377 2359 432 2393 raro
451 2343 586 2408 egreditur,
605 2349 703 2394 tantum
722 2353 869 2409 proventum
884 2344 962 2394 habet
974 2346 1055 2394 omnis
1067 2361 1114 2411 ge-

138 2414 208 2460 neris
226 2410 355 2472 librorum,
374 2421 402 2462 nt
421 2412 510 2462 titulos
527 2427 614 2462 eorum
649 2427 782 2461 ercensere
800 2429 917 2476 magnum
932 2414 1061 2478 negotium
1074 2414 1115 2466 sit.

138 2477 243 2528 Curavit
266 2477 292 2527 id
315 2495 396 2544 nuper
419 2496 501 2529 novus
519 2479 608 2530 Editor
625 2431 799 2530 litatiothecaa
822 2479 987 2530 Fabricianae
1011 2481 1114 2546 copiose

138 2556 165 2596 et
182 2555 316 2606 accurate3
342 2564 426 2612 neque
445 2548 489 2598 ille
507 2555 590 2598 tamen
609 2553 635 2597 in
653 2548 795 2598 iudicandis
813 2548 986 2598 instrumentis
1004 2550 1040 2597 rei
1064 2548 1112 2598 cri-

138 2615 204 2665 ticae
223 2621 249 2664 et
266 2614 351 2664 indica
369 2616 509 2666 editionum
528 2617 584 2666 aliis
603 2617 666 2665 nihil
685 2617 834 2666 mutandum
857 2625 882 2666 et
907 2615 1050 2680 augendum
1072 2633 1112 2665 re-

137 2683 220 2748 liquit.
256 2683 335 2732 Nobis
353 2699 410 2733 vero
429 2685 519 2734 iterum
541 2685 659 2734 monendi
682 2695 740 2734 sunt
763 2686 881 2743 lectores,
906 2700 937 2733 ne
960 2682 1021 2749 quid
1044 2683 1114 2734 aliud

137 2757 287 2816 exspectent
304 2768 380 2816 quam
397 2751 519 2802 uberioris
538 2753 681 2818 scriptionis
699 2754 925 2812 adumbrationem,
943 2762 969 2802 et
986 2769 1042 2802 eam
1060 2769 1113 2802 ma·

137 2819 178 2884 gis
197 2822 223 2868 in
241 2819 359 2869 interiore
370 2837 425 2868 -usu
444 2821 547 2871 criticae
565 2821 644 2870 silvae
662 2838 736 2886 quam
754 2822 780 2870 in
800 2823 875 2872 rebus
893 2821 1023 2870 litterariis
1041 2836 1113 2870 occu·

135 2895 232 2952 patam.
269 2887 431 2953 Quapropter
447 2889 563 2954 antiquos
582 2890 742 2955 potissimum
761 2889 843 2940 fontes
864 2889 1038 2955 anquiremns‚
1062 2905 1112 2938 non

136 2955 185 3007 hos
203 2954 311 3005 novitios
330 2955 455 3006 editorum
473 2957 609 3009 librorumt
634 2957 724 3023 quibus
743 2960 907 3024 quaefactae
929 2963 989 3007 sunt
1011 2956 1111 3007 vicissi-

136 3024 239 3073 tudines
257 3031 349 3084 textus,
367 3024 389 3074 si
407 3040 465 3075 cum
483 3025 535 3076 illis
554 3034 735 3090 comparentur,
755 3028 795 3077 vix
813 3027 903 3090 dignae
922 3033 983 3076 sunt
995 3024 1113 3090 occupati

135 3090 250 3142 bominis
267 3091 437 3158 indagatione.
466 3093 577 3144 Omnino
595 3095 621 3144 in
639 3095 688 3143 hac
706 3105 777 3159 parte
797 3095 957 3160 antiquarum
971 3093 1112 3144 litterarum

135 3159 245 3225 plurima
262 3169 337 3221 sunt,
355 3177 420 3226 quae
438 3178 470 3212 na
487 3171 513 3212 te
530 3164 643 3225 lateant,
661 3162 750 3214 sedulo
769 3180 857 3214 curare
875 3162 980 3221 debean
1005 3159 1050 3210 sed
1067 3160 1111 3220 ita,

135 3236 165 3278 ut
183 3228 269 3279 statim
287 3231 390 3294 cognita
407 3231 447 3280 vel
466 3231 556 3282 chartis
574 3233 691 3282 mandatu
708 3232 817 3282 libenter
834 3231 998 3290 obliviscare,
1020 3227 1112 3278 saltem

136 3295 283 3348 dissimules
302 3311 339 3355 ea,
358 3313 423 3364 qnae
441 3300 534 3349 frustra
552 3300 693 3366 collegeris.
721 3301 750 3350 Si
768 3300 828 3367 quid
845 3305 929 3350 autem
948 3299 979 3347 ab
991 3294 1048 3346 aliis
1061 3297 1111 3345 iam

136 3363 234 3416 dudum
252 3365 388 3416 collectum
405 3377 527 3433 repetam,
545 3371 670 3418 communi
684 3372 790 3419 materia
801 3377 856 3418 utar
866 3382 934 3416 novo
946 3365 1029 3416 modo.
1055 3364 1112 3426 Qua

135 3435 164 3484 in
181 3449 210 3483 ra
227 3450 268 3484 me
287 3432 424 3485 admodum
442 3435 580 3486 sollicitum
596 3437 691 3487 babent
703 3438 839 3503 angustiae
850 3435 925 3486 huius
936 3433 1026 3492 libelli,
1044 3433 1111 3484 unde

134 3501 246 3552 brevitas
264 3504 371 3554 exsistet
384 3520 471 3570 parum
488 3512 548 3570 apta
558 3505 652 3556 talibus
664 3505 748 3565 rebus,
763 3511 788 3554 et
799 3504 925 3554 interdum
937 3501 1111 3557 immodestiae

135 3571 251 3637 speciem
269 3571 394 3624 habitura.
431 3572 482 3625 Sed
499 3574 639 3639 parendum
657 3582 712 3625 erat
729 3573 884 3637 necessitati,
902 3569 976 3622 etiam
995 3586 1053 3622 cum
1070 3568 1111 3619 in-

135 3639 268 3692 commodo
286 3641 402 3706 quodam.
677 3659 687 3666 ·
