2694 4116
498 359 709 412 —145-

113 535 263 575 consensus
283 517 433 587 scripturae
453 516 594 587 utriusque
613 513 775 586 notatnrw),
795 516 862 572 alibi
877 515 942 588 quid
957 517 1043 572 altera
1057 517 1091 572 ab

12 581 17 614 ²
113 596 202 651 altera
229 591 392 667 differatu),
417 594 503 650 rarius
522 593 576 662 ita,
596 600 627 648 ut
645 588 807 659 προέκδοσις
832 593 867 649 ab
888 589 1032 642 assessu
1053 594 1092 648 di·

12 671 16 746 j
112 669 320 744 stingustur¹¹).
360 672 458 742 Neque
482 687 548 725 vcro
575 686 624 741 per
644 687 674 726 ss
694 670 874 741 improbabile
896 677 950 738 est,
977 671 1092 726 eandem

12 751 15 822 J
112 767 173 806 rem
193 749 290 804 iecisse
310 747 515 814 Aristarchum,
543 764 624 816 quam
650 747 716 803 iecit
735 747 900 818 Apollonius
920 747 1045 803 Rhodius
1065 753 1093 802 et

12 837 14 898 ᾖ
114 827 164 883 alii
185 833 282 896 postea
300 843 354 880 non
375 825 456 896 pauci
463 865 471 892 ,
498 823 606 894 scriptis
626 823 682 878 suis
701 825 799 880 iterum
819 823 945 880 limandis
966 832 993 879 et
1013 823 1093 890 casti·

12 903 16 924 ⁶
114 902 268 975 gratioribus
294 901 415 958 edendis.
460 900 637 971 Quanquam,
669 919 751 971 quum
778 902 901 972 praecise
925 901 953 954 id
979 916 1093 972 negasse

115 979 244 1033 videatur
263 977 435 1046 Ammonius,
455 977 546 1048 gravis
567 983 671 1045 auctor,
691 977 751 1032 fieri
765 980 845 1032 etiam
860 977 928 1032 illud
942 977 1041 1048 potuit,
1060 981 1093 1030 ut

115 1054 162 1111 vel
177 1073 209 1110 ex
223 1054 421 1110 adnotamentis
436 1053 606 1124 exemplaris,
626 1053 773 1110 heredibus
787 1053 884 1124 relicti,
905 1055 949 1109 vel
970 1071 1003 1108 ex
1015 1053 1094 1107 libris

119 1131 393 1200 Commentariorum,
413 1132 457 1186 vel
484 1147 517 1184 ex
540 1129 653 1198 scholis,
679 1127 706 1184 iri
733 1132 832 1200 quibus
858 1131 1009 1188 sententias
1029 1147 1095 1184 suas

118 1209 246 1263 secundis
260 1208 331 1262 curis
344 1207 507 1274 retractarit,
521 1205 727 1262 concinnaretur
740 1207 861 1264 recensio
872 1214 981 1264 novcet
990 1205 1094 1279 passim

12 1295 14 1324 ὲ
117 1285 229 1356 diversa
254 1303 272 1340 a
296 1286 401 1354 priore,
427 1301 508 1356 quam
534 1283 593 1353 ipsc
618 1283 814 1354 publicaverat.
854 1285 914 1340 Hae
933 1283 1093 1356 probabiles

12 1381 14 1386 ’
105 1361 290 1416 coniecturae
310 1367 373 1415 sunt
401 1359 549 1416 doctissimi
563 1359 771 1431 Villoisoniilil,
792 1362 891 1432 quibus
910 1361 1028 1418 libenter
1047 1376 1092 1413 ac·

12 1453 14 1470 ³
117 1439 240 1508 quiesco.
271 1437 331 1492 Nec
352 1455 451 1508 operae
471 1438 587 1508 pretium
606 1444 674 1507 puto
694 1437 807 1494 haerere
826 1439 855 1494 in
874 1439 1011 1510 eo,·quod
1025 1435 1091 1491 Arn-

13 1533 14 1538 ¹
117 1514 226 1568 monins
239 1515 290 1569 iste
305 1515 349 1569 vel
361 1514 535 1584 Posidonius,
559 1513 697 1568 familiaris
711 1522 739 1568 et
752 1521 915 1588 anagnostes
931 1514 1090 1584 Aristarchi,

12 1603 14 1631 l
116 1592 163 1646 vel
188 1589 362 1646 Ptolemaeus
390 1589 551 1646 Ascalonita
576 1590 621 1644 vel
645 1589 781 1664 Didymus
805 1595 900 1663 paucis
925 1593 1017 1648 verbis
1040 1609 1091 1647 nos

12 1675 13 1708 1
120 1668 260 1736 docerent,
281 1669 304 1722 si
324 1673 469 1736 exstarent,
489 1667 568 1722 nobis
589 1672 693 1734 autem,
720 1675 750 1722 ut
776 1669 873 1724 similia
893 1670 991 1739 multa,
1018 1669 1091 1740 cogi-

116 1743 203 1800 tando
227 1751 255 1799 st
275 1744 420 1799 divinando
440 1744 476 1800 ad
496 1743 628 1814 liquidum
647 1745 797 1814 perducere
816 1764 870 1800 non
891 1747 963 1801 licet.

196 1820 340 1891 Pergimus
360 1822 395 1876 ad
417 1821 625 1891 descriptionem
645 1822 809 1877 recensionis
828 1821 1037 1892 Aristarcbeae,
1063 1823 1091 1878 in

114 1905 246 1968 quantum
266 1897 313 1952 illa
332 1915 366 1952 ex
386 1904 442 1954 tam
466 1898 562 1967 paucis
587 1897 709 1966 indiciis,
734 1897 858 1953 adbibita
882 1899 1039 1954 coniectura
1064 1905 1092 1954 et

111 1975 203 2029 animo
228 1977 256 2027 in
281 1975 334 2029 ista
360 1980 485 2045 tempora
505 1991 645 2042 converso,
666 1992 684 2027 a
702 1975 782 2030 nobis
801 1974 859 2030 fieri
879 1976 990 2046 poterit.
1029 1976 1091 2031 Etsi

112 2050 193 2118 enim,
214 2057 245 2104 ut
267 2049 338 2118 dixi,
367 2052 471 2106 nullum
490 2058 613 2106 veterum
634 2049 795 2106 criticorum
815 2051 911 2106 melius
931 2054 1091 2124 cognoveri-

110 2143 172 2181 mus
186 2126 358 2195 Aristarcho,
379 2132 479 2197 tamen,
499 2128 522 2182 si
542 2143 597 2181 nou
617 2128 722 2197 aliquot
740 2128 887 2198 particulas
902 2129 949 2184 sed
964 2130 1091 2184 universa

112 2220 230 2274 corpora
250 2209 373 2273 spectes,
400 2213 457 2259 tam
483 2221 578 2275 parum
604 2205 685 2258 etiam
704 2204 732 2258 in
752 2205 806 2260 hoc
824 2206 898 2276 pleni
919 2207 1090 2260 nuntiantes

110 2280 207 2347 nostri,
228 2285 259 2334 ut
278 2297 312 2334 ne
332 2280 519 2336 brevissimam
541 2280 650 2350 quidem
665 2280 840 2352 rhapsodiam
852 2280 954 2336 Iliados
968 2283 1003 2336 ad
1016 2299 1090 2336 men-

110 2364 168 2410 tem
190 2356 247 2410 eius
267 2357 460 2412 reconcinnare
481 2364 508 2412 et
527 2357 671 2412 restituere
691 2358 797 2412 axillis
817 2358 906 2412 liceat.
945 2358 1090 2414 Habemus

110 2433 170 2487 eius
189 2433 289 2487 multas
309 2438 337 2488 ct
357 2434 479 2506 egregias
499 2433 644 2502 lectiones,
671 2435 769 2504 partim
796 2435 879 2506 vulgo
905 2441 1029 2505 rsceptas
1049 2435 1087 2489 ab

179 2612 214 2679 ²⁰)
231 2614 322 2667 Verbis
342 2609 370 2662 ul
386 2608 573 2680 Ἀριστάρχου,
586 2607 614 2660 αἱ
626 2606 843 2680 Ἀριστάρχειοι,
852 2618 881 2662 ut
893 2626 919 2663 a.
931 2613 973 2666 91.
985 2608 1015 2674 β.
1028 2611 1091 2664 221.

109 2698 135 2749 7.
154 2683 215 2737 292.
234 2699 256 2734 ε.
274 2683 334 2738 803.
360 2678 381 2737 ζ.
400 2681 459 2734 288.
485 2697 501 2729 ι.
519 2681 579 2733 576.
602 2693 630 2740 μ.
653 2681 713 2734 404.
736 2696 764 2748 ρ.
789 2680 857 2741 681,
881 2680 996 2746 ρΙιιιί1ιιιιι
1017 2678 1091 2741 locis,

111 2767 179 2819 quos
197 2768 255 2802 mox
272 2751 304 2802 ad
322 2747 386 2801 alios
404 2764 466 2798 usus
484 2747 604 2800 laudabo,

179 2835 212 2901 Ἰ)
231 2835 269 2887 Ibi
288 2843 327 2886 cst
344 2833 373 2883 ἐν
392 2835 429 2916 τῇ
447 2831 532 2902 ἑτέρᾳ
554 2835 610 2912 σῶν
626 2819 816 2902 Ἀριστάρχου,
843 2831 922 2884 semel
945 2834 1093 2899 iterumque

111 2901 253 2973 διήλλατον
272 2900 301 2954 αἱ
317 2899 503 2972 Ἀριστάρχου.
539 2901 605 2951 Vide
628 2901 661 2951 ad
683 2898 712 2964 β.
738 2904 797 2956 131.
822 2900 906 2952 catal.
930 2903 973 2956 24,
997 2901 1039 2954 86,
1062 2915 1088 2966 2»,

114 2975 174 3028 416.
194 2970 218 3023 d.
237 2972 296 3027 282.
314 2973 373 3028 527.
393 2985 417 3019 ε.
437 2971 495 3024 132.
515 2970 573 3024 181.
592 2967 614 3026 ζ.
636 2971 694 3022 113.
714 2971 770 3025 174.
790 2967 818 3019 d.
837 2971 897 3024 213.
915 2971 975 3024 405.
995 2985 1010 3019 ι.
1029 2970 1091 3024 653.

117 3042 178 3096 677.
197 3057 221 3090 ιι.
241 3040 298 3095 159.
317 3037 341 3090 λ.
360 3040 419 3094 631.
440 3055 461 3088 ν.
479 3039 539 3093 359.
559 3038 617 3092 627.
635 3033 661 3094 Ε.
673 3037 715 3092 36.
729 3041 771 3093 67.
789 3039 848 3093 427.
868 3054 890 3086 ο.
908 3038 968 3094 450.
987 3053 1018 3087 π.
1028 3037 1091 3092 430.

112 3125 138 3159 c.
157 3109 217 3164 579.
236 3108 265 3172 ψ.
285 3108 344 3162 273.
363 3114 413 3158 etc.
440 3106 538 3157 Eodem
555 3106 572 3158 i.
589 3123 614 3157 e.
632 3105 664 3156 ad
682 3105 788 3157 alteram
806 3106 944 3157 editionem
953 3104 1088 3155 Villoison.

109 3175 189 3228 refert
207 3174 258 3234 τάς
275 3172 466 3244 ἐξητασμένος
482 3171 660 3243 Ἀριστάρχου
683 3189 709 3240 η.
731 3174 788 3229 130.
807 3174 923 3224 Ceterum
941 3175 1010 3224 lama
1025 3173 1091 3222 haec

109 3243 142 3296 de
160 3243 258 3312 duplici
277 3245 396 3310 exemplo
406 3243 547 3294 Aristarchi
565 3243 639 3295 nobis
652 3241 701 3292 iam
719 3243 780 3293 olim
798 3249 859 3292 uots
874 3249 928 3294 erat
944 3257 977 3293 cx
989 3239 1088 3290 duobus

109 3311 208 3364 Scholl.
228 3313 261 3363 ad
280 3329 296 3364 ι.
314 3313 373 3367 310.
396 3319 423 3363 et
440 3312 499 3367 653.
523 3319 549 3363 et
571 3327 603 3362 ex
619 3309 741 3375 Lipsicis:
766 3311 832 3377 apud
850 3309 1012 3361 Eustatbium
1030 3323 1087 3359 eam

108 3397 161 3432 non
179 3379 283 3433 memini
300 3395 342 3432 ms
359 3378 454 3448 legare.

181 3465 215 3534 ²¹)
233 3465 268 3518 Ut
284 3465 320 3518 ad
338 3483 364 3520 π.
382 3466 441 3520 613.
460 3481 484 3516 τ.
502 3464 561 3518 386.

178 3549 211 3616 ²³)
229 3549 347 3617 Prolegg.
366 3549 399 3600 ad
417 3549 447 3599 ll.
465 3566 490 3615 p.
509 3549 614 3600 XXVII.

135 3651 218 3703 Wolt
237 3652 407 3703 Prolsgomena.
