2694 4116
537 317 745 372 -169-

152 477 206 531 lam
224 475 334 530 videtur
359 474 512 531 condidisse
532 474 674 545 Pergami,
700 473 813 529 similem
838 473 1048 542 Aristarobeae,
1075 491 1126 529 nec

150 553 238 608 minus
258 552 392 607 celebrem
413 549 604 621 discipulieu).
643 551 714 608 Nam
739 556 770 604 ut
794 552 829 607 ab
855 551 1042 623 Aristophane
1062 557 1126 606 suut

150 628 360 699 Aristophanei,
390 628 426 682 ab
458 627 619 682 Aristarcho
644 626 828 696 Aristarchei,
859 628 898 681 ita
927 626 1046 683 Oretetei
1076 644 1123 698 ap-

151 705 287 774 pellantur
318 705 455 773 nonnulli,
493 703 593 772 quibus
629 712 657 759 st
683 704 749 774 ipsis
775 705 983 758 aemulationem
1012 710 1039 758 et
1067 719 1127 758 cer·

150 782 251 836 tamine
287 781 435 850 reperimus
473 781 556 835 fuisse
587 799 647 834 cum
680 780 862 836 Aristarcheis
876 777 921 850 ⁰⁶).
974 779 1126 849 Postquam

150 858 221 911 enim
240 873 319 927 reges
339 858 502 913 animosiore
522 856 614 912 studia
634 857 793 928 expulerant
814 874 846 911 ex
866 856 1024 911 civitatibus
1038 855 1124 911 Grae·

150 951 251 1001 corum,
272 950 348 989 amor
368 934 569 989 contentionum
589 935 617 987 in
637 935 743 988 scholae
764 933 915 988 Rhetorum
934 938 963 987 et
983 931 1123 987 Gramma·

110 1035 127 1043 f
149 1011 263 1064 ticorum
283 1010 423 1080 migravit,
450 1015 492 1076 et,
518 1011 559 1063 uti
585 1011 649 1064 olim
675 1011 708 1064 ds
733 1011 888 1080 principatu
907 1010 935 1063 in
954 1025 983 1063 re
1005 1009 1122 1078 publica,

149 1087 188 1140 ita
212 1105 283 1141 nunc
311 1087 345 1141 de
370 1086 553 1158 grammaticis
578 1087 790 1156 quaestiunculis
816 1086 975 1157 gravissime
1001 1084 1071 1140 inter
1094 1100 1124 1138 se

149 1168 293 1218 certarunt.
319 1163 361 1218 Ac
375 1162 484 1217 videtur
497 1163 606 1232 quidem
622 1161 717 1218 Crates
730 1162 892 1218 Aristarcho
902 1179 998 1232 pamm
1010 1161 1124 1216 cessisse

148 1239 345 1298 existimatione
365 1238 533 1309 aequalium,
561 1241 662 1310 quippe
688 1241 734 1310 qui
760 1257 820 1292 cum
846 1239 892 1292 illo
913 1239 940 1292 in
961 1237 1123 1308 coryphaeis

146 1316 227 1369 huius
247 1317 312 1370 artis
332 1314 545 1386 numereturtfl),
571 1333 724 1385 novamque
749 1316 863 1386 gloriam
890 1314 997 1368 duxerit
1025 1329 1059 1367 ex
1079 1329 1122 1380 eo,

148 1391 222 1462 quod
242 1391 392 1447 doctrinam
412 1394 563 1447 litterarum
582 1395 685 1465 primus
704 1393 818 1463 pertulit
838 1391 872 1447 ad
892 1387 1084 1459 Romanosll).

223 1487 375 1542 Permirum
395 1496 451 1556 est,
478 1491 505 1544 in
530 1490 624 1560 paucIs
650 1489 772 1558 reliquiis
799 1488 857 1542 eius
883 1485 948 1541 satis
972 1483 1124 1556 argumenti

149 1580 217 1632 esse,
238 1571 277 1629 ut,
298 1565 397 1633 quibus
412 1565 540 1620 derebus
555 1583 616 1619 cum
627 1564 787 1620 Aristarcho
803 1563 981 1628 contenderit,
996 1571 1023 1617 et
1037 1579 1122 1632 quan-

145 1647 203 1694 tum
223 1640 334 1694 inferior
351 1641 434 1695 fuerit
453 1644 515 1709 illo,
536 1643 667 1712 suspicari
687 1644 778 1698 liceat.
819 1642 905 1694 Immo
925 1640 1025 1694 nullius
1046 1647 1121 1696 vete-

145 1734 206 1770 rum
218 1715 380 1771 criticorum
399 1718 536 1789 ingenium
556 1725 583 1774 et
603 1721 754 1774 doctrinam
773 1719 852 1774 nobis
873 1726 929 1773 tam
948 1720 1018 1773 bene
1037 1735 1118 1772 nosse

145 1793 282 1859 videmur,
310 1810 390 1862 quam
411 1794 527 1850 Cratetis
553 1797 642 1850 huius.
682 1797 726 1850 Ac
751 1798 867 1866 primum
886 1795 1011 1866 quidem,
1038 1811 1121 1864 quum

145 1866 321 1922 Aristarchus
341 1869 491 1926 Homerum
511 1873 546 1926 ad
566 1872 765 1942 simplicitatem
786 1873 935 1942 priscorum
956 1877 1118 1940 temporum,

144 1963 200 1999 non
213 1946 248 1999 ad
262 1962 346 1999 novas
361 1947 500 2017 opiniones
514 1953 614 2003 temere
629 1949 741 2016 affictas,
762 1949 932 2018 interpretari
946 1948 1118 2015 instituisset,

147 2021 243 2078 Crates
264 2021 373 2075 Stoicus
398 2023 501 2094 gloriae
527 2026 597 2078 vatis
622 2026 692 2079 mele
719 2025 823 2078 consuli
845 2025 965 2095 putavit,
992 2023 1043 2078 nisi
1070 2024 1122 2094 ipsi

146 2099 310 2167 multiplices
330 2106 402 2153 artes
416 2100 598 2170 Pergamenae
613 2101 746 2168 allineret,
769 2118 885 2171 eumque
904 2105 1075 2156 converteret
1088 2101 1116 2154 in

145 2173 358 2244 Philosophum,
379 2175 615 2246 Mathematicum,
636 2176 846 2247 Astronomum,
867 2169 1070 2247 Geographum,
1091 2183 1120 2231 et

147 2250 255 2320 quidvis
275 2250 367 2320 potius
387 2270 469 2322 quam
489 2253 564 2322 quod
583 2253 642 2323 ipse
663 2270 723 2309 esse
743 2255 877 2308 voluerat.
913 2253 990 2308 Illius
1010 2252 1117 2323 generis

216 2429 249 2492 Μ)
267 2429 407 2494 Scripserat
431 2427 462 2478 de
486 2444 517 2478 ea
539 2428 701 2480 Ptolemaeus
725 2429 845 2482 Ascalon.
868 2427 897 2478 ἐν
921 2432 960 2497 τῷ
983 2427 1049 2497 περὶ
1072 2429 1124 2495 τῆς

148 2491 322 2563 Κρατητείου
341 2493 478 2562 αἱρέσεως
500 2496 570 2548 laud.
594 2497 620 2546 in
639 2497 724 2550 Schol.
749 2497 781 2547 ed
803 2512 829 2563 γ.
852 2497 908 2552 155.
943 2497 985 2548 Ad
1009 2496 1124 2548 eiusdem

147 2563 253 2614 scholae
271 2565 324 2615 sire
341 2573 427 2615 sectae
446 2565 619 2615 auctoritatem
636 2567 710 2615 unice
725 2568 804 2616 refero
818 2564 882 2622 τοὺς
893 2563 922 2615 ἐκ
935 2559 1123 2634 Περγάμου

147 2627 173 2681 Γ
166 2629 362 2698 ραμματικούς,
375 2641 402 2682 et
413 2629 477 2688 τοὺς
489 2627 746 2699 Περγαμηνοὺς
757 2631 871 2691 πίνακας
883 2633 1022 2700 (catalogos
1034 2632 1122 2684 cloari-

146 2716 233 2750 corum
249 2699 410 2763 scriptorum)
429 2701 496 2765 apud
517 2700 621 2766 Dionys.
639 2700 699 2752 Hal.
719 2704 750 2754 Τ.
771 2702 801 2752 V.
819 2701 906 2752 Reisk.
927 2719 949 2767 p.
970 2703 1028 2756 630.
1047 2702 1115 2762 661..

146 2769 191 2818 ubi
210 2767 329 2834 Sylburg.
349 2767 417 2818 male
435 2768 564 2834 cogitabat
581 2769 613 2819 de
632 2769 788 2820 Aristarcho.

216 2853 250 2916 ⁶⁵)
267 2853 301 2904 Ut
318 2852 444 2912 Herodico
462 2852 551 2921 Babyl.
570 2853 602 2904 de
620 2871 670 2920 quo
688 2873 713 2906 r.
731 2854 798 2909 Ions.
818 2856 843 2908 S.
862 2854 895 2906 Η.
918 2854 947 2908 P.
974 2854 1006 2914 Π,
1034 2854 1073 2914 13,
1098 2855 1122 2907 6.

146 2920 213 2974 conf.
232 2920 326 2971 Scholl.
345 2921 377 2971 ad
397 2937 418 2974 ν.
438 2922 479 2974 29.
497 2938 520 2972 υ.
540 2923 591 2981 53.,
610 2926 633 2973 si
660 2924 735 2974 modo
760 2925 802 2974 hic
824 2924 891 2975 idem
915 2930 953 2974 est
970 2922 1123 2984 Herodicus,

147 2989 260 3039 diversus
278 2988 322 3039 ille
341 2990 444 3055 quidem
461 2990 492 3040 ab
511 2989 637 3041 Herodico
656 2989 812 3056 Selybriano,
831 3001 892 3043 noto
910 2991 1016 3051 medico,
1035 3005 1051 3040 r.
1065 2989 1123 3044 453.

146 3055 169 3106 l.
177 3057 236 3112 515.
245 3056 543 3108 DeZencdotoGrateteo
552 3059 626 3109 attuli
635 3060 804 3110 coniecturam
813 3075 897 3110 meam
907 3074 947 3126 ep.
954 3057 1055 3109 XhlIin
1062 3056 1123 3110 fine.

146 3124 293 3175 Tauriscum
312 3125 383 3176 addit
402 3124 497 3176 Sextus
510 3127 607 3191 Empir.
623 3141 645 3178 c.
657 3127 738 3179 Math.
751 3128 771 3188 1,
788 3129 847 3182 248.
857 3126 1030 3178 Alexandrum
1043 3125 1124 3191 Poly·

145 3193 268 3243 historem
292 3193 363 3244 Suid.
387 3193 417 3242 Τ.
440 3192 460 3244 Ι,
485 3210 510 3259 p.
538 3197 593 3250 10³..
636 3195 733 3246 Contra
757 3196 891 3246 laudantur
919 3195 978 3246 libri
1005 3191 1125 3256 Dionysii

146 3259 253 3383 Τὴὲιὲῧίε
272 3269 298 3312 et
314 3260 469 3313 Parmenisci
487 3262 563 3328 πρὸς
579 3255 728 3330 Κράτητα,
753 3263 877 3314 aduersus
895 3262 946 3325 Gn,
969 3262 1001 3313 ad
1019 3259 1046 3312 d.
1065 3259 1124 3314 513.

148 3344 165 3377 r.
238 3367 244 3378 .

215 3395 249 3462 ω)
270 3395 362 3448 Strabo
379 3394 400 3448 I.
420 3414 444 3462 p.
463 3398 505 3453 30.
523 3399 587 3464 (54.)
607 3399 700 3450 Sextus
718 3398 815 3464 llmpir.
834 3399 853 3460 l,
873 3400 915 3453 44.

213 3480 246 3546 11)
265 3481 371 3532 Sueten.
390 3481 422 3532 de
441 3481 478 3532 ill.
498 3483 608 3534 Gramm.
627 3500 648 3536 c.
666 3485 690 3536 2.
711 3484 757 3534 ubi
774 3491 928 3535 memoratus
940 3483 1043 3536 Attalus
1055 3481 1125 3533 haud

143 3547 221 3600 dubie
239 3557 279 3600 est
295 3549 325 3602 ll.
346 3550 495 3616 cognomina
513 3551 708 3617 Philadelphus,
727 3553 773 3618 qui
792 3549 910 3619 Pergami
923 3552 1008 3619 coepit
1020 3566 1125 3617 regnare

149 3613 253 3684 Olymp.
271 3615 345 3684 CLV,
364 3619 388 3671 2.
407 3618 439 3669 A.
457 3618 488 3669 U.
507 3616 535 3672 0.
554 3619 658 3672 onv.
