2694 4116
503 371 539 426 ε
580 345 712 400 rne-

118 500 242 574 publiee,
265 519 332 558 cave
354 502 480 574 cuiqnam
500 509 563 558 ants
582 503 677 558 credas
697 501 744 575 ⁴¹),
765 521 847 575 quam
865 503 1001 575 probabili
1014 521 1093 576 argu·

118 585 215 632 mento
237 578 450 635 demonstratum
470 580 561 648 luerit,
583 580 714 634 eiusmodi
738 580 863 636 instituta
888 581 952 635 olim
976 581 1004 635 in
1029 581 1094 636 civi-

119 654 227 730 tatibus
249 654 382 712 Graeciae
404 656 563 725 obtinuisse,
583 673 653 728 quae
678 673 735 725 res,
763 674 823 712 meo
847 657 960 727 quidem
983 657 1094 729 iudicio,

118 749 176 786 non
198 731 272 786 cadit
292 733 319 788 in
339 734 394 788 istc
413 739 546 803 tempora.
580 734 669 804 Quum
690 743 780 789 autem
799 734 959 803 antiquitus,
973 742 1004 789 ut
1018 747 1118 805 prae·

120 807 188 876 dixi,
208 809 255 862 vix
274 810 418 880 quisquam
438 810 506 864 alius
526 826 606 880 quam
627 815 710 880 po'e'ta
729 816 777 864 ant
795 811 889 865 rhetor
909 827 968 865 sese
988 810 1096 866 dederit

120 885 158 938 ad
179 884 248 940 haec
268 886 361 941 critica
380 887 479 956 studia,
499 888 592 941 forsan
618 887 713 942 cadem
737 888 833 944 harum
853 882 992 935 πολιτικῶν
1019 883 1094 953 διορ-

119 956 240 1010 Mnus
266 963 414 1018 auctoritas
441 963 537 1032 inerit,
563 968 645 1034 atque
669 964 730 1032 illa,
756 981 838 1034 quam
862 967 891 1020 in
915 964 1097 1020 Antimachea

121 1044 151 1093 et
172 1038 270 1093 ceteris
289 1039 370 1094 huius
390 1041 451 1096 aevi
471 1040 615 1096 amisimus.
645 1039 750 1096 Verum
768 1041 834 1096 licet
852 1043 881 1096 in
902 1041 984 1097 variis
1009 1040 1096 1111 scrip·

121 1115 192 1169 turis
211 1115 326 1184 illarum,
347 1122 403 1172 tam
422 1117 535 1172 fortuito
555 1117 590 1171 ad
610 1135 660 1172 nos
680 1117 853 1188 transmissis,
873 1117 1019 1174 nonnullae
1040 1117 1095 1172 sint

122 1191 191 1246 satis
214 1191 312 1261 bonae,
335 1194 405 1249 dnae
425 1199 482 1249 tres
509 1194 590 1249 etiam
615 1194 825 1265 praestantiores
850 1196 983 1266 vulgatis,
1009 1194 1096 1248 multo

120 1274 217 1324 tamen
241 1269 328 1323 maior
352 1287 480 1326 numerus
505 1271 646 1325 confirmet
674 1271 717 1340 id,
748 1271 822 1342 quod
851 1279 914 1328 ante
944 1271 1097 1342 suspicatus

122 1361 193 1413 sum,
208 1343 401 1402 accuratiorem
420 1348 534 1402 formam
553 1347 667 1402 Homeri
686 1347 820 1418 prodiisse
839 1350 949 1404 tandem
969 1347 1097 1404 emuseis

123 1419 328 1478 Alexandrinis.
367 1422 461 1495 Atque
480 1441 574 1494 nomo,
594 1441 623 1478 re
649 1424 792 1496 diligenter
817 1427 950 1497 cogitata,
981 1424 1097 1491 dubitet,

123 1498 191 1568 quin
217 1498 291 1552 urbis
318 1500 398 1556 huius
418 1500 510 1557 Critici
536 1517 683 1572 eorumque
710 1501 835 1571 discipuli
861 1502 988 1572 antiquae
1014 1503 1097 1572 scrip-

124 1582 203 1628 turae
222 1575 313 1630 fontes
333 1594 426 1632 omnes
452 1577 527 1632 adire
552 1578 718 1647 studuerint,
744 1579 817 1634 unde
842 1584 933 1634 textus
959 1579 1098 1633 videretur

123 1651 219 1721 purior
238 1651 341 1708 hauriri
360 1672 441 1724 posse
462 1653 508 1724 Η).
547 1654 673 1710 Iudicent
699 1655 781 1726 igitur
808 1656 921 1725 eruditi,
949 1657 996 1726 qni
1022 1655 1114 1726 gnari,

124 1734 190 1782 sunt
209 1727 291 1782 huius
318 1731 507 1800 divinationis,
527 1748 615 1786 annon
641 1733 667 1785 in
693 1733 726 1785 iis
752 1749 862 1803 quoque
887 1732 1099 1799 recensionibus,

125 1820 197 1874 quae
216 1803 245 1858 in
265 1803 382 1862 Scholiis
402 1814 535 1862 vocantur
555 1805 583 1856 αἱ
599 1804 722 1875 ἀρχαῖαι,
742 1807 770 1858 at
786 1805 904 1868 πλείους,
922 1806 950 1857 αἱ
967 1804 1098 1868 πλεῖσται,

124 1876 154 1927 αἱ
172 1878 266 1942 πᾶσαι,
290 1884 394 1940 lateant
425 1885 557 1955 quaedam
589 1892 679 1940 aetate
709 1885 813 1955 priores
833 1884 1039 1940 Alexandrinis:
1066 1902 1100 1940 ex

124 1975 181 2028 quo
201 1958 282 2013 simul
301 1961 445 2034 intelligas,
466 1980 514 2016 eur
533 1962 640 2016 illarum
659 1963 761 2016 mentio
782 1967 838 2016 tem
856 1981 952 2032 perum
972 1963 1100 2030 explicita

124 2035 175 2088 sit:
197 2037 247 2089 etsi
268 2037 408 2108 plerisque
429 2040 496 2094 locis
510 2047 538 2094 et
550 2039 613 2094 illae
628 2045 655 2092 et
667 2035 696 2086 αἱ
709 2035 891 2105 χαριέστεριὶι
909 2057 930 2094 s.
945 2036 1098 2106 χαριέστα-

125 2124 171 2160 ται
195 2113 344 2168 manifesto
377 2122 439 2170 sunt
467 2116 726 2183 Grammaticorum,
757 2116 917 2172 Scholiastis
940 2116 1040 2172 nostris
1067 2134 1101 2172 ex

125 2187 295 2259 Tryphonis,
320 2190 432 2264 Didymi
454 2194 622 2263 aliorumque
637 2188 807 2258 ὑπομνήμασι
821 2195 945 2266 cognitae
959 2193 1005 2266 ⁴¹⁰³).
1025 2194 1100 2249 Istos

173 2369 321 2490 x⁴x¹)VIVide
347 2369 495 2422 Villoisonii
517 2369 687 2421 eruditissima
708 2371 894 2438 Prolegomena
915 2373 948 2424 ad
971 2341 1012 2422 11(
1027 2388 1101 2422 snam

128 2457 154 2505 p·
260 2476 267 2489 .

195 2507 231 2573 ⁴²)
250 2509 308 2559 Iam
326 2508 377 2558 hnc
394 2510 506 2573 pertinet
522 2508 592 2559 locus
609 2507 685 2573 Diog.
702 2509 788 2559 Laert.
806 2507 851 2569 IX,
873 2509 937 2569 113,
955 2508 1000 2558 ubi
1017 2525 1100 2625 guae-

128 2576 194 2630 renti
212 2577 307 2637 Arato,
324 2581 425 2642 politam
444 2581 595 2637 correctum,
613 2576 672 2633 πῶς
687 2575 737 2644 τὴν
752 2572 867 2644 Ὁμήρου
888 2575 993 2646 ποίησιν
1036 2594 1101 2643 σφα·

128 2645 184 2703 λῶς
200 2641 338 2712 κτήσαιτο,
356 2645 493 2712 respondet
510 2646 584 2696 'l'imo
600 2643 744 2711 Phliasius,
762 2644 787 2694 εἰ
805 2645 865 2703 τοῖς
885 2643 1011 2714 ἀρχαίοις
1032 2643 1101 2696 ἀντι-

128 2712 251 2782 γράφοις
268 2711 437 2782 ἐντυγχάνοι,
457 2711 555 2781 καὶμὴ
574 2713 632 2771 τοῖς
649 2710 699 2784 ἤδη
717 2713 928 2781 διωρθωμένοις.
955 2715 993 2766 Ibi
1007 2712 1102 2766 Cassu-

129 2785 227 2834 bouus:
246 2783 275 2835 Si
291 2802 379 2835 rernm
396 2792 436 2834 est
453 2783 521 2850 quod
537 2783 659 2848 Iosephus
681 2784 727 2846 ait,
755 2784 894 2833 Homerum
918 2801 965 2834 sua
987 2787 1103 2848 poemata

129 2853 223 2919 scripta
241 2869 290 2902 non
309 2853 449 2919 reliquisse,
468 2852 513 2903 sed
538 2849 801 2919 διαμνημονευόμενα
823 2851 905 2902 multo
927 2860 986 2918 post
1009 2853 1103 2918 scripta

129 2921 225 2980 inisse;
245 2938 296 2973 non
315 2921 396 2982 rideo,
415 2921 539 2989 quomode
557 2921 620 2972 satis
637 2923 769 2972 emendata
786 2921 885 2986 possint
903 2937 932 2970 ea
949 2919 1043 2988 haberi,
1063 2923 1103 2972 rel

131 2991 153 3040 si
170 2989 364 3057 antiquissimos
382 2990 521 3041 habeamus
545 2991 656 3050 codices;
675 2988 799 3056 siqnidem
823 2987 959 3038 verisimile
975 2999 1029 3048 est,
1053 3007 1104 3040 non

131 3058 220 3124 paullo
239 3059 314 3109 aliter
332 3076 362 3109 ea
378 3059 458 3109 fuisse
476 3058 577 3124 scripta,
596 3075 625 3110 ac
641 3067 727 3110 essent
742 3057 774 3106 ab
793 3055 847 3121 ipso
866 3059 1017 3122 composita¹
1043 3058 1104 3108 Mox

131 3129 276 3194 Menapios,
295 3134 406 3177 mentem
425 3127 574 3188 casauboni,
592 3144 642 3177 non
659 3129 735 3179 verba
752 3133 882 3190 spectans:
895 3125 974 3176 Recte
985 3126 1035 3175 hoc
1047 3125 1104 3176 loeo

132 3195 286 3247 observabat
303 3194 413 3245 casaub.
431 3213 462 3246 ex
477 3195 593 3262 Iosepho,
612 3196 750 3247 Homerum
767 3210 813 3242 sua
824 3197 940 3259 poemata
952 3193 1043 3258 scripta
1053 3210 1105 3244 non

133 3264 280 3329 reliquisse,
299 3263 345 3314 sed
365 3261 638 3330 διαμνημονευόμενα,
656 3264 735 3315 multo
753 3268 812 3332 post
827 3263 920 3328 scripta
936 3259 1024 3312 fuisse.

134 3421 185 3428 κ
202 3349 237 3415 ⁴³)
256 3349 295 3400 Ad
314 3367 331 3400 ι.
352 3350 411 3404 653.
429 3357 489 3400 sunt
505 3346 601 3400 πολλαὶ
621 3350 675 3399 τῶν
698 3345 834 3418 ἀρχαίων,
856 3348 894 3396 uti
915 3345 967 3396 iere
991 3345 1013 3402 ζ.
1025 3331 1062 3400 ἶ.
1087 3362 1104 3396 ι.

135 3437 194 3490 222.
222 3452 253 3486 ex
279 3434 360 3500 ipsius
387 3435 528 3486 Aristarchi
559 3433 741 3487 commentariis
748 3450 756 3491 ;
783 3432 816 3482 ad
850 3447 873 3484 ε.
901 3431 943 3484 83.
969 3431 1048 3482 semel
1080 3429 1106 3480 oi

134 3503 246 3573 ἀρχαῖοι
262 3496 399 3571 Kpsrsroa‘,
422 3503 448 3554 in
472 3503 563 3570 quibus
586 3503 661 3554 alicui
684 3502 769 3552 forsan
794 3499 821 3550 oi
842 3497 953 3568 ἀρχαῖοι
972 3496 1106 3568 Ὁμηρικοὶ

135 3572 283 3624 Aristotelis
300 3574 329 3622 in
347 3572 493 3624 memoriam
511 3572 634 3624 redibunt.
666 3567 782 3627 Ἂπάσας
804 3568 929 3620 advocant
947 3567 1050 3620 Scholia
1073 3568 1108 3618 ad
