<?xml version="1.0" encoding="UTF-8"?>
<!DOCTYPE html PUBLIC "-//W3C//DTD XHTML 1.0 Transitional//EN"
    "http://www.w3.org/TR/xhtml1/DTD/xhtml1-transitional.dtd">
<html xmlns="http://www.w3.org/1999/xhtml" xml:lang="en" lang="en">
 <head>
  <title>
</title>
<meta http-equiv="Content-Type" content="text/html;charset=utf-8" />
  <meta name='ocr-system' content='tesseract 3.04.00' />
  <meta name='ocr-capabilities' content='ocr_page ocr_carea ocr_par ocr_line ocrx_word'/>
</head>
<body>
  <div class='ocr_page' id='page_1' title='image "./prolegomenaadho03wolfgoog_0070.png"; bbox 0 0 2702 4124; ppageno 0'>
   <div class='ocr_carea' id='block_1_1' title="bbox 509 295 702 384">
    <p class='ocr_par' dir='ltr' id='par_1_1' title="bbox 509 295 702 384">
     <span class='ocr_line' id='line_1_1' title="bbox 509 295 702 384; baseline 0 -34"><span class='ocrx_word' id='word_1_1' title='bbox 509 295 702 384; x_wconf 57' lang='lat'>5—61-</span> 
     </span>
    </p>
   </div>
   <div class='ocr_carea' id='block_1_2' title="bbox 102 451 1091 1900">
    <p class='ocr_par' dir='ltr' id='par_1_2' title="bbox 102 451 1091 1900">
     <span class='ocr_line' id='line_1_2' title="bbox 108 451 1091 526; baseline 0.003 -17"><span class='ocrx_word' id='word_1_2' title='bbox 108 454 260 526; x_wconf 88' lang='lat' dir='ltr'>proposito</span> <span class='ocrx_word' id='word_1_3' title='bbox 269 451 315 524; x_wconf 76' lang='lat'>⁸⁸),</span> <span class='ocrx_word' id='word_1_4' title='bbox 336 453 371 508; x_wconf 87' lang='lat' dir='ltr'>ad</span> <span class='ocrx_word' id='word_1_5' title='bbox 390 455 477 508; x_wconf 87' lang='lat' dir='ltr'>levem</span> <span class='ocrx_word' id='word_1_6' title='bbox 498 459 639 524; x_wconf 87' lang='lat' dir='ltr'>quaestum</span> <span class='ocrx_word' id='word_1_7' title='bbox 660 453 777 509; x_wconf 88' lang='lat' dir='ltr'>deducta</span> <span class='ocrx_word' id='word_1_8' title='bbox 791 453 894 508; x_wconf 86' lang='lat' dir='ltr'><strong>eviluit.</strong></span> <span class='ocrx_word' id='word_1_9' title='bbox 919 453 1022 510; x_wconf 87' lang='lat' dir='ltr'>Verum</span> <span class='ocrx_word' id='word_1_10' title='bbox 1037 455 1091 512; x_wconf 91' lang='lat' dir='ltr'>hoc</span> 
     </span>
     <span class='ocr_line' id='line_1_3' title="bbox 108 530 1091 601; baseline 0.002 -16"><span class='ocrx_word' id='word_1_11' title='bbox 108 530 197 586; x_wconf 85' lang='lat' dir='ltr'>alias:</span> <span class='ocrx_word' id='word_1_12' title='bbox 223 547 296 586; x_wconf 89' lang='lat' dir='ltr'>nunc</span> <span class='ocrx_word' id='word_1_13' title='bbox 320 530 390 584; x_wconf 92' lang='lat' dir='ltr'>illud</span> <span class='ocrx_word' id='word_1_14' title='bbox 417 547 592 601; x_wconf 77' lang='lat' dir='ltr'>quaeramus,</span> <span class='ocrx_word' id='word_1_15' title='bbox 618 537 709 584; x_wconf 88' lang='lat' dir='ltr'>utrum</span> <span class='ocrx_word' id='word_1_16' title='bbox 729 547 762 586; x_wconf 88' lang='lat' dir='ltr'>ex</span> <span class='ocrx_word' id='word_1_17' title='bbox 781 531 852 585; x_wconf 92' lang='lat' dir='ltr'>libro</span> <span class='ocrx_word' id='word_1_18' title='bbox 879 548 913 586; x_wconf 86' lang='lat' dir='ltr'>an</span> <span class='ocrx_word' id='word_1_19' title='bbox 936 532 1091 587; x_wconf 83' lang='lat' dir='ltr'>memoriter</span> 
     </span>
     <span class='ocr_line' id='line_1_4' title="bbox 111 605 1089 678; baseline 0.002 -16"><span class='ocrx_word' id='word_1_20' title='bbox 111 607 266 662; x_wconf 80' lang='lat' dir='ltr'>cecinerint</span> <span class='ocrx_word' id='word_1_21' title='bbox 290 607 435 678; x_wconf 88' lang='lat' dir='ltr'>rhapsodi,</span> <span class='ocrx_word' id='word_1_22' title='bbox 461 614 489 662; x_wconf 88' lang='lat' dir='ltr'>et</span> <span class='ocrx_word' id='word_1_23' title='bbox 515 607 589 678; x_wconf 88' lang='lat' dir='ltr'>quali</span> <span class='ocrx_word' id='word_1_24' title='bbox 614 607 803 664; x_wconf 85' lang='lat' dir='ltr'>discendorum</span> <span class='ocrx_word' id='word_1_25' title='bbox 830 605 984 663; x_wconf 85' lang='lat' dir='ltr'>Carminum</span> <span class='ocrx_word' id='word_1_26' title='bbox 1008 609 1089 664; x_wconf 86' lang='lat' dir='ltr'>ruodo</span> 
     </span>
     <span class='ocr_line' id='line_1_5' title="bbox 110 683 1090 754; baseline 0.001 -16"><span class='ocrx_word' id='word_1_27' title='bbox 110 685 159 743; x_wconf 81' lang='lat' dir='ltr'>usi</span> <span class='ocrx_word' id='word_1_28' title='bbox 180 685 243 751; x_wconf 89' lang='lat' dir='ltr'>sint,</span> <span class='ocrx_word' id='word_1_29' title='bbox 265 684 374 754; x_wconf 90' lang='lat' dir='ltr'>quando</span> <span class='ocrx_word' id='word_1_30' title='bbox 394 684 479 739; x_wconf 90' lang='lat' dir='ltr'>libros</span> <span class='ocrx_word' id='word_1_31' title='bbox 498 701 553 738; x_wconf 88' lang='lat' dir='ltr'>non</span> <span class='ocrx_word' id='word_1_32' title='bbox 573 683 712 738; x_wconf 88' lang='lat' dir='ltr'>haberent.</span> <span class='ocrx_word' id='word_1_33' title='bbox 746 683 808 752; x_wconf 88' lang='lat' dir='ltr'>Qua</span> <span class='ocrx_word' id='word_1_34' title='bbox 827 683 854 737; x_wconf 93' lang='lat' dir='ltr'>in</span> <span class='ocrx_word' id='word_1_35' title='bbox 874 701 953 739; x_wconf 90' lang='lat' dir='ltr'>nemo</span> <span class='ocrx_word' id='word_1_36' title='bbox 973 685 1024 739; x_wconf 89' lang='lat' dir='ltr'>nisi</span> <span class='ocrx_word' id='word_1_37' title='bbox 1044 703 1090 740; x_wconf 87' lang='lat' dir='ltr'>va·</span> 
     </span>
     <span class='ocr_line' id='line_1_6' title="bbox 107 759 1088 832; baseline 0.002 -18"><span class='ocrx_word' id='word_1_38' title='bbox 107 760 179 815; x_wconf 85' lang='lat' dir='ltr'>teris</span> <span class='ocrx_word' id='word_1_39' title='bbox 200 759 334 815; x_wconf 80' lang='lat' dir='ltr'>Graeciae</span> <span class='ocrx_word' id='word_1_40' title='bbox 355 762 436 831; x_wconf 87' lang='lat' dir='ltr'>plane</span> <span class='ocrx_word' id='word_1_41' title='bbox 456 759 557 830; x_wconf 86' lang='lat' dir='ltr'>hospes</span> <span class='ocrx_word' id='word_1_42' title='bbox 578 761 693 828; x_wconf 88' lang='lat' dir='ltr'>dubitet,</span> <span class='ocrx_word' id='word_1_43' title='bbox 714 759 779 830; x_wconf 86' lang='lat' dir='ltr'>quin</span> <span class='ocrx_word' id='word_1_44' title='bbox 799 759 839 813; x_wconf 92' lang='lat' dir='ltr'>illi</span> <span class='ocrx_word' id='word_1_45' title='bbox 858 762 1012 816; x_wconf 86' lang='lat' dir='ltr'>memoriter</span> <span class='ocrx_word' id='word_1_46' title='bbox 1026 779 1088 832; x_wconf 93' lang='lat' dir='ltr'>pro·</span> 
     </span>
     <span class='ocr_line' id='line_1_7' title="bbox 105 835 1087 910; baseline 0.003 -20"><span class='ocrx_word' id='word_1_47' title='bbox 105 837 300 891; x_wconf 81' lang='lat' dir='ltr'>nunciaverint</span> <span class='ocrx_word' id='word_1_48' title='bbox 321 837 424 891; x_wconf 90' lang='lat' dir='ltr'>omnia:</span> <span class='ocrx_word' id='word_1_49' title='bbox 445 838 484 892; x_wconf 86' lang='lat' dir='ltr'>ita</span> <span class='ocrx_word' id='word_1_50' title='bbox 497 837 550 891; x_wconf 90' lang='lat' dir='ltr'>iam</span> <span class='ocrx_word' id='word_1_51' title='bbox 564 837 686 891; x_wconf 83' lang='lat' dir='ltr'>fecerant</span> <span class='ocrx_word' id='word_1_52' title='bbox 690 835 780 910; x_wconf 81' lang='lat' dir='ltr'>,prisci</span> <span class='ocrx_word' id='word_1_53' title='bbox 793 843 870 890; x_wconf 89' lang='lat' dir='ltr'>vates</span> <span class='ocrx_word' id='word_1_54' title='bbox 884 854 986 906; x_wconf 87' lang='lat' dir='ltr'>omnes,</span> <span class='ocrx_word' id='word_1_55' title='bbox 1006 839 1087 894; x_wconf 90' lang='lat' dir='ltr'>trium</span> 
     </span>
     <span class='ocr_line' id='line_1_8' title="bbox 104 913 1089 989; baseline -0.001 -20"><span class='ocrx_word' id='word_1_56' title='bbox 104 913 266 981; x_wconf 77' lang='lat' dir='ltr'>Musarum,</span> <span class='ocrx_word' id='word_1_57' title='bbox 293 913 424 989; x_wconf 75' lang='grc' dir='ltr'><em>Μελέτης,</em></span> <span class='ocrx_word' id='word_1_58' title='bbox 449 913 576 986; x_wconf 80' lang='grc' dir='ltr'><em>Μνήμης,</em></span> <span class='ocrx_word' id='word_1_59' title='bbox 600 914 715 986; x_wconf 74' lang='grc' dir='ltr'><em>Ἆοισῆς,</em></span> <span class='ocrx_word' id='word_1_60' title='bbox 742 913 875 982; x_wconf 87' lang='lat' dir='ltr'>cultores;</span> <span class='ocrx_word' id='word_1_61' title='bbox 905 915 970 983; x_wconf 89' lang='lat' dir='ltr'>quin</span> <span class='ocrx_word' id='word_1_62' title='bbox 998 915 1089 969; x_wconf 87' lang='lat' dir='ltr'>adhuc</span> 
     </span>
     <span class='ocr_line' id='line_1_9' title="bbox 106 987 1087 1060; baseline 0 -17"><span class='ocrx_word' id='word_1_63' title='bbox 106 987 235 1043; x_wconf 82' lang='lat' dir='ltr'>Socratis</span> <span class='ocrx_word' id='word_1_64' title='bbox 256 995 354 1056; x_wconf 87' lang='lat' dir='ltr'>aetate,</span> <span class='ocrx_word' id='word_1_65' title='bbox 374 1006 458 1060; x_wconf 90' lang='lat' dir='ltr'>quum</span> <span class='ocrx_word' id='word_1_66' title='bbox 478 990 579 1058; x_wconf 86' lang='lat' dir='ltr'>scripta</span> <span class='ocrx_word' id='word_1_67' title='bbox 600 989 762 1059; x_wconf 86' lang='lat' dir='ltr'>exemplaria</span> <span class='ocrx_word' id='word_1_68' title='bbox 774 989 887 1043; x_wconf 91' lang='lat' dir='ltr'>Homeri</span> <span class='ocrx_word' id='word_1_69' title='bbox 907 1007 924 1044; x_wconf 92' lang='lat' dir='ltr'>a</span> <span class='ocrx_word' id='word_1_70' title='bbox 943 989 1087 1060; x_wconf 86' lang='lat' dir='ltr'>rhapsodis</span> 
     </span>
     <span class='ocr_line' id='line_1_10' title="bbox 104 1063 1087 1137; baseline 0.002 -18"><span class='ocrx_word' id='word_1_71' title='bbox 104 1065 225 1120; x_wconf 85' lang='lat' dir='ltr'>maxima</span> <span class='ocrx_word' id='word_1_72' title='bbox 252 1063 533 1136; x_wconf 77' lang='lat' dir='ltr'>conquirerentur⁶⁹),</span> <span class='ocrx_word' id='word_1_73' title='bbox 563 1065 772 1137; x_wconf 78' lang='lat' dir='ltr'>ipsareeitatio</span> <span class='ocrx_word' id='word_1_74' title='bbox 797 1083 852 1120; x_wconf 92' lang='lat' dir='ltr'>non</span> <span class='ocrx_word' id='word_1_75' title='bbox 881 1073 923 1122; x_wconf 88' lang='lat' dir='ltr'>est</span> <span class='ocrx_word' id='word_1_76' title='bbox 950 1065 1023 1121; x_wconf 85' lang='lat' dir='ltr'>lacta</span> <span class='ocrx_word' id='word_1_77' title='bbox 1053 1067 1087 1121; x_wconf 91' lang='lat' dir='ltr'>da</span> 
     </span>
     <span class='ocr_line' id='line_1_11' title="bbox 104 1141 1053 1213; baseline 0 -16"><span class='ocrx_word' id='word_1_78' title='bbox 104 1143 211 1212; x_wconf 83' lang='lat' dir='ltr'>scripto</span> <span class='ocrx_word' id='word_1_79' title='bbox 220 1141 265 1213; x_wconf 67' lang='grc'>70).</span> <span class='ocrx_word' id='word_1_80' title='bbox 1050 1145 1053 1151; x_wconf 67' lang='grc'><strong>“</strong></span> 
     </span>
     <span class='ocr_line' id='line_1_12' title="bbox 186 1219 1083 1290; baseline 0.002 -18"><span class='ocrx_word' id='word_1_81' title='bbox 186 1219 287 1289; x_wconf 87' lang='lat' dir='ltr'>Stupes</span> <span class='ocrx_word' id='word_1_82' title='bbox 308 1219 423 1274; x_wconf 81' lang='lat' dir='ltr'>tortasse</span> <span class='ocrx_word' id='word_1_83' title='bbox 445 1220 479 1275; x_wconf 92' lang='lat' dir='ltr'>ad</span> <span class='ocrx_word' id='word_1_84' title='bbox 500 1225 601 1274; x_wconf 85' lang='lat' dir='ltr'>tantam</span> <span class='ocrx_word' id='word_1_85' title='bbox 626 1219 804 1289; x_wconf 85' lang='lat' dir='ltr'>capacitatem</span> <span class='ocrx_word' id='word_1_86' title='bbox 830 1219 987 1288; x_wconf 89' lang='lat' dir='ltr'>memoriae,</span> <span class='ocrx_word' id='word_1_87' title='bbox 1013 1236 1083 1290; x_wconf 89' lang='lat' dir='ltr'>quae</span> 
     </span>
     <span class='ocr_line' id='line_1_13' title="bbox 103 1295 1083 1367; baseline 0.002 -17"><span class='ocrx_word' id='word_1_88' title='bbox 103 1301 197 1350; x_wconf 88' lang='lat' dir='ltr'>totum</span> <span class='ocrx_word' id='word_1_89' title='bbox 217 1295 366 1350; x_wconf 86' lang='lat' dir='ltr'>Homerum</span> <span class='ocrx_word' id='word_1_90' title='bbox 388 1297 531 1367; x_wconf 87' lang='lat' dir='ltr'>complecti</span> <span class='ocrx_word' id='word_1_91' title='bbox 551 1296 692 1366; x_wconf 78' lang='lat' dir='ltr'>potuerit?</span> <span class='ocrx_word' id='word_1_92' title='bbox 723 1295 793 1350; x_wconf 84' lang='lat' dir='ltr'>Mihi</span> <span class='ocrx_word' id='word_1_93' title='bbox 813 1313 878 1350; x_wconf 87' lang='lat' dir='ltr'>vero</span> <span class='ocrx_word' id='word_1_94' title='bbox 899 1297 926 1350; x_wconf 95' lang='lat' dir='ltr'>id</span> <span class='ocrx_word' id='word_1_95' title='bbox 941 1297 1021 1351; x_wconf 89' lang='lat' dir='ltr'>etiam</span> <span class='ocrx_word' id='word_1_96' title='bbox 1035 1315 1083 1366; x_wconf 92' lang='lat' dir='ltr'>pa-</span> 
     </span>
     <span class='ocr_line' id='line_1_14' title="bbox 103 1371 1082 1444; baseline 0.002 -18"><span class='ocrx_word' id='word_1_97' title='bbox 103 1389 167 1426; x_wconf 89' lang='lat' dir='ltr'>rum</span> <span class='ocrx_word' id='word_1_98' title='bbox 187 1371 309 1440; x_wconf 82' lang='lat' dir='ltr'>videtur,</span> <span class='ocrx_word' id='word_1_99' title='bbox 334 1375 476 1444; x_wconf 86' lang='lat' dir='ltr'>multoque</span> <span class='ocrx_word' id='word_1_100' title='bbox 497 1372 575 1442; x_wconf 88' lang='lat' dir='ltr'>plura</span> <span class='ocrx_word' id='word_1_101' title='bbox 599 1390 792 1443; x_wconf 87' lang='lat' dir='ltr'>nonnunquam</span> <span class='ocrx_word' id='word_1_102' title='bbox 817 1373 905 1428; x_wconf 89' lang='lat' dir='ltr'>bonos</span> <span class='ocrx_word' id='word_1_103' title='bbox 930 1374 1082 1443; x_wconf 90' lang='lat' dir='ltr'>rhapsodos</span> 
     </span>
     <span class='ocr_line' id='line_1_15' title="bbox 102 1449 1085 1520; baseline 0.005 -18"><span class='ocrx_word' id='word_1_104' title='bbox 102 1449 227 1503; x_wconf 87' lang='lat' dir='ltr'>tenuisse</span> <span class='ocrx_word' id='word_1_105' title='bbox 264 1451 395 1519; x_wconf 86' lang='lat' dir='ltr'>suspicor.</span> <span class='ocrx_word' id='word_1_106' title='bbox 442 1449 550 1503; x_wconf 87' lang='lat' dir='ltr'>Etenim</span> <span class='ocrx_word' id='word_1_107' title='bbox 574 1450 598 1503; x_wconf 90' lang='lat' dir='ltr'>si</span> <span class='ocrx_word' id='word_1_108' title='bbox 618 1451 698 1504; x_wconf 90' lang='lat' dir='ltr'>etiam</span> <span class='ocrx_word' id='word_1_109' title='bbox 727 1457 799 1519; x_wconf 91' lang='lat' dir='ltr'>tum,</span> <span class='ocrx_word' id='word_1_110' title='bbox 831 1468 914 1520; x_wconf 89' lang='lat' dir='ltr'>quum</span> <span class='ocrx_word' id='word_1_111' title='bbox 943 1450 1085 1520; x_wconf 85' lang='lat' dir='ltr'>multiplex</span> 
     </span>
     <span class='ocr_line' id='line_1_16' title="bbox 106 1524 1084 1596; baseline 0.002 -18"><span class='ocrx_word' id='word_1_112' title='bbox 106 1524 250 1592; x_wconf 89' lang='lat' dir='ltr'>doctrina,</span> <span class='ocrx_word' id='word_1_113' title='bbox 271 1526 305 1579; x_wconf 94' lang='lat' dir='ltr'>ad</span> <span class='ocrx_word' id='word_1_114' title='bbox 326 1526 469 1581; x_wconf 89' lang='lat' dir='ltr'>lectionem</span> <span class='ocrx_word' id='word_1_115' title='bbox 489 1526 620 1580; x_wconf 89' lang='lat' dir='ltr'>librorum</span> <span class='ocrx_word' id='word_1_116' title='bbox 640 1532 784 1594; x_wconf 86' lang='lat' dir='ltr'>revocata,</span> <span class='ocrx_word' id='word_1_117' title='bbox 805 1527 1024 1596; x_wconf 88' lang='lat' dir='ltr'>cultissimaeque</span> <span class='ocrx_word' id='word_1_118' title='bbox 1044 1528 1084 1582; x_wconf 87' lang='lat' dir='ltr'>vi·</span> 
     </span>
     <span class='ocr_line' id='line_1_17' title="bbox 104 1603 1084 1672; baseline 0.003 -16"><span class='ocrx_word' id='word_1_119' title='bbox 104 1608 153 1656; x_wconf 84' lang='lat' dir='ltr'>tas</span> <span class='ocrx_word' id='word_1_120' title='bbox 173 1603 285 1672; x_wconf 86' lang='lat' dir='ltr'>negotia</span> <span class='ocrx_word' id='word_1_121' title='bbox 306 1603 458 1658; x_wconf 86' lang='lat' dir='ltr'>obruebant</span> <span class='ocrx_word' id='word_1_122' title='bbox 478 1604 643 1672; x_wconf 90' lang='lat' dir='ltr'>memoriam,</span> <span class='ocrx_word' id='word_1_123' title='bbox 663 1603 781 1658; x_wconf 82' lang='lat' dir='ltr'>Athenis</span> <span class='ocrx_word' id='word_1_124' title='bbox 801 1604 912 1658; x_wconf 80' lang='lat' dir='ltr'>fuerunt</span> <span class='ocrx_word' id='word_1_125' title='bbox 936 1603 1084 1659; x_wconf 88' lang='lat' dir='ltr'>liberaliter</span> 
     </span>
     <span class='ocr_line' id='line_1_18' title="bbox 103 1677 1082 1751; baseline 0.001 -18"><span class='ocrx_word' id='word_1_126' title='bbox 103 1677 226 1747; x_wconf 86' lang='lat' dir='ltr'>educati,</span> <span class='ocrx_word' id='word_1_127' title='bbox 248 1679 295 1748; x_wconf 88' lang='lat' dir='ltr'>qui</span> <span class='ocrx_word' id='word_1_128' title='bbox 315 1681 466 1735; x_wconf 89' lang='lat' dir='ltr'>universam</span> <span class='ocrx_word' id='word_1_129' title='bbox 486 1679 573 1734; x_wconf 90' lang='lat' dir='ltr'>Iliada</span> <span class='ocrx_word' id='word_1_130' title='bbox 593 1687 621 1734; x_wconf 93' lang='lat' dir='ltr'>et</span> <span class='ocrx_word' id='word_1_131' title='bbox 640 1679 793 1751; x_wconf 86' lang='lat' dir='ltr'>Odysseam</span> <span class='ocrx_word' id='word_1_132' title='bbox 806 1679 989 1750; x_wconf 77' lang='lat' dir='ltr'>tenareut⁷¹)3</span> <span class='ocrx_word' id='word_1_133' title='bbox 1016 1681 1082 1750; x_wconf 91' lang='lat' dir='ltr'>quid</span> 
     </span>
     <span class='ocr_line' id='line_1_19' title="bbox 104 1754 1082 1827; baseline 0.003 -19"><span class='ocrx_word' id='word_1_134' title='bbox 104 1754 225 1825; x_wconf 78' lang='lat' dir='ltr'>ambigis</span> <span class='ocrx_word' id='word_1_135' title='bbox 246 1756 280 1809; x_wconf 88' lang='lat' dir='ltr'>de</span> <span class='ocrx_word' id='word_1_136' title='bbox 300 1756 332 1810; x_wconf 87' lang='lat' dir='ltr'>iis</span> <span class='ocrx_word' id='word_1_137' title='bbox 353 1757 514 1825; x_wconf 85' lang='lat' dir='ltr'>hominibus,</span> <span class='ocrx_word' id='word_1_138' title='bbox 538 1758 585 1827; x_wconf 90' lang='lat' dir='ltr'>qui</span> <span class='ocrx_word' id='word_1_139' title='bbox 605 1757 632 1810; x_wconf 94' lang='lat' dir='ltr'>in</span> <span class='ocrx_word' id='word_1_140' title='bbox 652 1758 702 1810; x_wconf 91' lang='lat' dir='ltr'>tali</span> <span class='ocrx_word' id='word_1_141' title='bbox 721 1774 750 1812; x_wconf 93' lang='lat' dir='ltr'>re</span> <span class='ocrx_word' id='word_1_142' title='bbox 771 1755 878 1810; x_wconf 86' lang='lat' dir='ltr'>assidua</span> <span class='ocrx_word' id='word_1_143' title='bbox 904 1772 1014 1826; x_wconf 85' lang='lat' dir='ltr'>operam</span> <span class='ocrx_word' id='word_1_144' title='bbox 1042 1759 1082 1811; x_wconf 88' lang='lat' dir='ltr'>lo·</span> 
     </span>
     <span class='ocr_line' id='line_1_20' title="bbox 104 1831 1081 1900; baseline 0.001 -15"><span class='ocrx_word' id='word_1_145' title='bbox 104 1831 216 1900; x_wconf 88' lang='lat' dir='ltr'>cabant,</span> <span class='ocrx_word' id='word_1_146' title='bbox 239 1839 267 1886; x_wconf 90' lang='lat' dir='ltr'>et</span> <span class='ocrx_word' id='word_1_147' title='bbox 287 1833 342 1888; x_wconf 91' lang='lat' dir='ltr'>illis</span> <span class='ocrx_word' id='word_1_148' title='bbox 363 1833 390 1887; x_wconf 92' lang='lat' dir='ltr'>in</span> <span class='ocrx_word' id='word_1_149' title='bbox 411 1834 535 1900; x_wconf 81' lang='lat' dir='ltr'>saeculis,</span> <span class='ocrx_word' id='word_1_150' title='bbox 556 1834 604 1888; x_wconf 88' lang='lat' dir='ltr'>ubi</span> <span class='ocrx_word' id='word_1_151' title='bbox 621 1833 732 1889; x_wconf 88' lang='lat' dir='ltr'>brevior</span> <span class='ocrx_word' id='word_1_152' title='bbox 746 1832 818 1886; x_wconf 91' lang='lat' dir='ltr'>orbis</span> <span class='ocrx_word' id='word_1_153' title='bbox 832 1832 1021 1886; x_wconf 87' lang='lat' dir='ltr'>discendorum</span> <span class='ocrx_word' id='word_1_154' title='bbox 1042 1832 1081 1886; x_wconf 92' lang='lat' dir='ltr'>in·</span> 
     </span>
    </p>
   </div>
   <div class='ocr_carea' id='block_1_3' title="bbox 102 1907 1179 1986">
    <p class='ocr_par' dir='ltr' id='par_1_3' title="bbox 102 1907 1179 1986">
     <span class='ocr_line' id='line_1_21' title="bbox 102 1907 1179 1986; baseline 0.001 -24"><span class='ocrx_word' id='word_1_155' title='bbox 102 1909 194 1978; x_wconf 86' lang='lat' dir='ltr'>geniis</span> <span class='ocrx_word' id='word_1_156' title='bbox 215 1909 292 1979; x_wconf 88' lang='lat' dir='ltr'>quasi</span> <span class='ocrx_word' id='word_1_157' title='bbox 313 1911 476 1965; x_wconf 86' lang='lat' dir='ltr'>vacuitatem</span> <span class='ocrx_word' id='word_1_158' title='bbox 497 1909 589 1976; x_wconf 85' lang='lat' dir='ltr'>dabat,</span> <span class='ocrx_word' id='word_1_159' title='bbox 610 1909 812 1979; x_wconf 76' lang='lat' dir='ltr'>sapientiaeque</span> <span class='ocrx_word' id='word_1_160' title='bbox 833 1907 905 1962; x_wconf 80' lang='lat' dir='ltr'>fama</span> <span class='ocrx_word' id='word_1_161' title='bbox 925 1909 1007 1978; x_wconf 86' lang='lat' dir='ltr'>longe</span> <span class='ocrx_word' id='word_1_162' title='bbox 1020 1908 1080 1963; x_wconf 91' lang='lat' dir='ltr'>aliis</span> <span class='ocrx_word' id='word_1_163' title='bbox 1174 1973 1179 1986; x_wconf 40' lang='grc' dir='ltr'>Ι</span> 
     </span>
    </p>
   </div>
   <div class='ocr_carea' id='block_1_4' title="bbox 101 1984 1080 2439">
    <p class='ocr_par' dir='ltr' id='par_1_4' title="bbox 101 1984 1080 2439">
     <span class='ocr_line' id='line_1_22' title="bbox 104 1984 1080 2057; baseline 0.002 -19"><span class='ocrx_word' id='word_1_164' title='bbox 104 1984 203 2038; x_wconf 90' lang='lat' dir='ltr'>studiis</span> <span class='ocrx_word' id='word_1_165' title='bbox 216 1985 386 2055; x_wconf 81' lang='lat' dir='ltr'>parabatur?</span> <span class='ocrx_word' id='word_1_166' title='bbox 411 1985 504 2056; x_wconf 78' lang='lat' dir='ltr'>Quid?</span> <span class='ocrx_word' id='word_1_167' title='bbox 529 1986 654 2057; x_wconf 68' lang='lat' dir='ltr'>Platoll)</span> <span class='ocrx_word' id='word_1_168' title='bbox 675 1985 784 2056; x_wconf 90' lang='lat' dir='ltr'>quidem</span> <span class='ocrx_word' id='word_1_169' title='bbox 804 1991 886 2055; x_wconf 89' lang='lat' dir='ltr'>atqua</span> <span class='ocrx_word' id='word_1_170' title='bbox 906 1985 953 2039; x_wconf 92' lang='lat' dir='ltr'>alii</span> <span class='ocrx_word' id='word_1_171' title='bbox 973 1992 1080 2041; x_wconf 84' lang='lat' dir='ltr'>vetares</span> 
     </span>
     <span class='ocr_line' id='line_1_23' title="bbox 102 2061 1079 2132; baseline 0.001 -18"><span class='ocrx_word' id='word_1_172' title='bbox 102 2061 264 2132; x_wconf 85' lang='lat' dir='ltr'>philosophi</span> <span class='ocrx_word' id='word_1_173' title='bbox 285 2062 481 2130; x_wconf 87' lang='lat' dir='ltr'>iudicaverunt,</span> <span class='ocrx_word' id='word_1_174' title='bbox 502 2063 572 2117; x_wconf 89' lang='lat' dir='ltr'>hanc</span> <span class='ocrx_word' id='word_1_175' title='bbox 592 2063 750 2118; x_wconf 78' lang='lat' dir='ltr'>facultatem</span> <span class='ocrx_word' id='word_1_176' title='bbox 770 2061 850 2115; x_wconf 90' lang='lat' dir='ltr'>animi</span> <span class='ocrx_word' id='word_1_177' title='bbox 865 2061 951 2116; x_wconf 90' lang='lat' dir='ltr'>nostri</span> <span class='ocrx_word' id='word_1_178' title='bbox 964 2062 1079 2116; x_wconf 89' lang='lat' dir='ltr'>metien-</span> 
     </span>
     <span class='ocr_line' id='line_1_24' title="bbox 103 2137 1079 2210; baseline 0.003 -20"><span class='ocrx_word' id='word_1_179' title='bbox 103 2137 167 2191; x_wconf 89' lang='lat' dir='ltr'>dam</span> <span class='ocrx_word' id='word_1_180' title='bbox 189 2157 244 2192; x_wconf 91' lang='lat' dir='ltr'>non</span> <span class='ocrx_word' id='word_1_181' title='bbox 264 2155 323 2194; x_wconf 89' lang='lat' dir='ltr'>esse</span> <span class='ocrx_word' id='word_1_182' title='bbox 343 2157 435 2194; x_wconf 87' lang='lat' dir='ltr'>eoram</span> <span class='ocrx_word' id='word_1_183' title='bbox 450 2145 601 2210; x_wconf 78' lang='lat' dir='ltr'>temporum</span> <span class='ocrx_word' id='word_1_184' title='bbox 621 2139 742 2207; x_wconf 91' lang='lat' dir='ltr'>modulo,</span> <span class='ocrx_word' id='word_1_185' title='bbox 757 2156 840 2208; x_wconf 84' lang='lat' dir='ltr'>quum</span> <span class='ocrx_word' id='word_1_186' title='bbox 855 2145 1002 2208; x_wconf 88' lang='lat' dir='ltr'>apparatus</span> <span class='ocrx_word' id='word_1_187' title='bbox 1016 2138 1079 2193; x_wconf 92' lang='lat' dir='ltr'>sub·</span> 
     </span>
     <span class='ocr_line' id='line_1_25' title="bbox 101 2214 1079 2287; baseline 0.002 -19"><span class='ocrx_word' id='word_1_188' title='bbox 101 2214 233 2269; x_wconf 89' lang='lat' dir='ltr'>sidiorum</span> <span class='ocrx_word' id='word_1_189' title='bbox 253 2215 326 2270; x_wconf 89' lang='lat' dir='ltr'>illius</span> <span class='ocrx_word' id='word_1_190' title='bbox 346 2215 479 2271; x_wconf 89' lang='lat' dir='ltr'>culturam</span> <span class='ocrx_word' id='word_1_191' title='bbox 498 2216 654 2287; x_wconf 80' lang='lat' dir='ltr'>impediret3</span> <span class='ocrx_word' id='word_1_192' title='bbox 674 2217 798 2270; x_wconf 89' lang='lat' dir='ltr'>inventas</span> <span class='ocrx_word' id='word_1_193' title='bbox 819 2215 924 2269; x_wconf 90' lang='lat' dir='ltr'>litteras</span> <span class='ocrx_word' id='word_1_194' title='bbox 944 2215 1079 2285; x_wconf 80' lang='lat' dir='ltr'>profuisse</span> 
     </span>
     <span class='ocr_line' id='line_1_26' title="bbox 102 2291 1077 2362; baseline 0.001 -18"><span class='ocrx_word' id='word_1_195' title='bbox 102 2291 266 2362; x_wconf 86' lang='lat' dir='ltr'>disciplinis,</span> <span class='ocrx_word' id='word_1_196' title='bbox 294 2292 342 2347; x_wconf 89' lang='lat' dir='ltr'>sed</span> <span class='ocrx_word' id='word_1_197' title='bbox 363 2293 484 2348; x_wconf 87' lang='lat' dir='ltr'>obfuisse</span> <span class='ocrx_word' id='word_1_198' title='bbox 504 2294 682 2361; x_wconf 88' lang='lat' dir='ltr'>discentibus,</span> <span class='ocrx_word' id='word_1_199' title='bbox 708 2292 777 2347; x_wconf 90' lang='lat' dir='ltr'>adeo</span> <span class='ocrx_word' id='word_1_200' title='bbox 804 2297 835 2346; x_wconf 90' lang='lat' dir='ltr'>ut</span> <span class='ocrx_word' id='word_1_201' title='bbox 861 2307 930 2360; x_wconf 90' lang='lat' dir='ltr'>quae</span> <span class='ocrx_word' id='word_1_202' title='bbox 956 2291 1077 2346; x_wconf 90' lang='lat' dir='ltr'>inventio</span> 
     </span>
     <span class='ocr_line' id='line_1_27' title="bbox 102 2366 1078 2439; baseline 0.001 -18"><span class='ocrx_word' id='word_1_203' title='bbox 102 2366 273 2423; x_wconf 86' lang='lat' dir='ltr'>medicamen</span> <span class='ocrx_word' id='word_1_204' title='bbox 294 2371 438 2425; x_wconf 87' lang='lat' dir='ltr'>memoriae</span> <span class='ocrx_word' id='word_1_205' title='bbox 459 2370 532 2425; x_wconf 85' lang='lat' dir='ltr'>dicta</span> <span class='ocrx_word' id='word_1_206' title='bbox 552 2377 632 2439; x_wconf 88' lang='lat' dir='ltr'>essct,</span> <span class='ocrx_word' id='word_1_207' title='bbox 653 2369 746 2424; x_wconf 88' lang='lat' dir='ltr'>eadem</span> <span class='ocrx_word' id='word_1_208' title='bbox 771 2385 827 2423; x_wconf 91' lang='lat' dir='ltr'>non</span> <span class='ocrx_word' id='word_1_209' title='bbox 851 2366 986 2422; x_wconf 91' lang='lat' dir='ltr'>immerito</span> <span class='ocrx_word' id='word_1_210' title='bbox 1006 2385 1078 2422; x_wconf 85' lang='lat' dir='ltr'>noxa</span> 
     </span>
    </p>
   </div>
   <div class='ocr_carea' id='block_1_5' title="bbox 99 2493 1077 2719">
    <p class='ocr_par' dir='ltr' id='par_1_5' title="bbox 99 2493 1077 2719">
     <span class='ocr_line' id='line_1_28' title="bbox 171 2493 1077 2582; baseline -0.007 -18"><span class='ocrx_word' id='word_1_211' title='bbox 171 2513 204 2579; x_wconf 77' lang='lat'>⁶.⁸)</span> <span class='ocrx_word' id='word_1_212' title='bbox 223 2514 251 2564; x_wconf 94' lang='lat' dir='ltr'>lo</span> <span class='ocrx_word' id='word_1_213' title='bbox 270 2531 310 2580; x_wconf 90' lang='lat' dir='ltr'>ap.</span> <span class='ocrx_word' id='word_1_214' title='bbox 329 2514 396 2568; x_wconf 86' lang='lat' dir='ltr'>Plat.</span> <span class='ocrx_word' id='word_1_215' title='bbox 414 2531 439 2580; x_wconf 88' lang='lat' dir='ltr'>p.</span> <span class='ocrx_word' id='word_1_216' title='bbox 458 2493 517 2569; x_wconf 76' lang='lat'>535.</span> <span class='ocrx_word' id='word_1_217' title='bbox 535 2513 565 2564; x_wconf 82' lang='grc' dir='ltr'>Ε.</span> <span class='ocrx_word' id='word_1_218' title='bbox 598 2508 656 2563; x_wconf 82' lang='grc' dir='ltr'><em>Ἐὰν</em></span> <span class='ocrx_word' id='word_1_219' title='bbox 678 2510 727 2582; x_wconf 79' lang='grc' dir='ltr'><em>μὲν</em></span> <span class='ocrx_word' id='word_1_220' title='bbox 752 2509 892 2568; x_wconf 72' lang='grc' dir='ltr'><em>κλαίοντας</em></span> <span class='ocrx_word' id='word_1_221' title='bbox 916 2507 1017 2567; x_wconf 75' lang='grc' dir='ltr'><em>αὐτοὺς</em></span> <span class='ocrx_word' id='word_1_222' title='bbox 1033 2525 1077 2558; x_wconf 79' lang='grc' dir='ltr'><em>κα·</em></span> 
     </span>
     <span class='ocr_line' id='line_1_29' title="bbox 99 2575 1076 2650; baseline -0.004 -18"><span class='ocrx_word' id='word_1_223' title='bbox 99 2580 181 2644; x_wconf 73' lang='lat' dir='ltr'>diam,</span> <span class='ocrx_word' id='word_1_224' title='bbox 200 2579 284 2640; x_wconf 83' lang='grc' dir='ltr'><em>αὐτὸς</em></span> <span class='ocrx_word' id='word_1_225' title='bbox 299 2581 460 2648; x_wconf 74' lang='grc' dir='ltr'><em>γελάσομαι,</em></span> <span class='ocrx_word' id='word_1_226' title='bbox 479 2580 609 2650; x_wconf 79' lang='grc' dir='ltr'><em>ἀργύριον</em></span> <span class='ocrx_word' id='word_1_227' title='bbox 628 2579 786 2645; x_wconf 77' lang='grc' dir='ltr'><em>λαμβάνων·</em></span> <span class='ocrx_word' id='word_1_228' title='bbox 809 2577 856 2628; x_wconf 81' lang='grc' dir='ltr'><em>ἐὰν</em></span> <span class='ocrx_word' id='word_1_229' title='bbox 883 2575 912 2628; x_wconf 79' lang='grc' dir='ltr'>δὲ</span> <span class='ocrx_word' id='word_1_230' title='bbox 928 2578 1076 2644; x_wconf 79' lang='grc' dir='ltr'><em>γελῶντας,</em></span> 
     </span>
     <span class='ocr_line' id='line_1_30' title="bbox 101 2647 655 2719; baseline 0 -19"><span class='ocrx_word' id='word_1_231' title='bbox 101 2649 185 2708; x_wconf 70' lang='grc' dir='ltr'><em>αὐτὸς</em></span> <span class='ocrx_word' id='word_1_232' title='bbox 202 2648 360 2714; x_wconf 80' lang='grc' dir='ltr'><em>κλαύσομαι,</em></span> <span class='ocrx_word' id='word_1_233' title='bbox 379 2649 511 2719; x_wconf 79' lang='grc' dir='ltr'><em>ἀργύριον</em></span> <span class='ocrx_word' id='word_1_234' title='bbox 529 2647 655 2708; x_wconf 81' lang='grc' dir='ltr'><em>ἀπολλύς.</em></span> 
     </span>
    </p>
   </div>
   <div class='ocr_carea' id='block_1_6' title="bbox 168 2735 605 2804">
    <p class='ocr_par' dir='ltr' id='par_1_6' title="bbox 168 2735 605 2804">
     <span class='ocr_line' id='line_1_31' title="bbox 168 2735 605 2804; baseline -0.002 -18"><span class='ocrx_word' id='word_1_235' title='bbox 168 2735 202 2804; x_wconf 73' lang='grc' dir='ltr'>ν)</span> <span class='ocrx_word' id='word_1_236' title='bbox 221 2735 339 2803; x_wconf 71' lang='lat' dir='ltr'>xenops.</span> <span class='ocrx_word' id='word_1_237' title='bbox 357 2737 391 2788; x_wconf 83' lang='lat' dir='ltr'>u.</span> <span class='ocrx_word' id='word_1_238' title='bbox 411 2737 438 2789; x_wconf 90' lang='lat' dir='ltr'>s.</span> <span class='ocrx_word' id='word_1_239' title='bbox 456 2737 502 2797; x_wconf 80' lang='grc' dir='ltr'><em>ιν,</em></span> <span class='ocrx_word' id='word_1_240' title='bbox 521 2737 545 2798; x_wconf 80' lang='lat' dir='ltr'>a,</span> <span class='ocrx_word' id='word_1_241' title='bbox 565 2739 605 2791; x_wconf 91' lang='lat'>10.</span> 
     </span>
    </p>
   </div>
   <div class='ocr_carea' id='block_1_7' title="bbox 98 2821 1076 3439">
    <p class='ocr_par' dir='ltr' id='par_1_7' title="bbox 98 2821 1076 3439">
     <span class='ocr_line' id='line_1_32' title="bbox 166 2821 1076 2890; baseline -0.001 -18"><span class='ocrx_word' id='word_1_242' title='bbox 166 2822 202 2886; x_wconf 82' lang='lat'>⁷⁰)</span> <span class='ocrx_word' id='word_1_243' title='bbox 218 2823 323 2888; x_wconf 80' lang='lat' dir='ltr'>{neptus</span> <span class='ocrx_word' id='word_1_244' title='bbox 341 2823 427 2875; x_wconf 83' lang='lat' dir='ltr'>videor</span> <span class='ocrx_word' id='word_1_245' title='bbox 444 2824 506 2874; x_wconf 90' lang='lat' dir='ltr'>mihi</span> <span class='ocrx_word' id='word_1_246' title='bbox 524 2824 587 2888; x_wconf 89' lang='lat' dir='ltr'>ipsa,</span> <span class='ocrx_word' id='word_1_247' title='bbox 605 2823 649 2890; x_wconf 89' lang='lat' dir='ltr'>qui</span> <span class='ocrx_word' id='word_1_248' title='bbox 667 2824 730 2874; x_wconf 88' lang='lat' dir='ltr'>talia</span> <span class='ocrx_word' id='word_1_249' title='bbox 748 2822 857 2873; x_wconf 85' lang='lat' dir='ltr'>doceam.</span> <span class='ocrx_word' id='word_1_250' title='bbox 893 2821 945 2872; x_wconf 80' lang='lat' dir='ltr'>Sed</span> <span class='ocrx_word' id='word_1_251' title='bbox 963 2839 994 2874; x_wconf 89' lang='lat' dir='ltr'>ne</span> <span class='ocrx_word' id='word_1_252' title='bbox 1012 2821 1076 2872; x_wconf 90' lang='lat' dir='ltr'>illud</span> 
     </span>
     <span class='ocr_line' id='line_1_33' title="bbox 99 2889 1076 2956; baseline 0 -16"><span class='ocrx_word' id='word_1_253' title='bbox 99 2889 205 2956; x_wconf 86' lang='lat' dir='ltr'>quidem</span> <span class='ocrx_word' id='word_1_254' title='bbox 226 2894 335 2942; x_wconf 85' lang='lat' dir='ltr'>assecuti</span> <span class='ocrx_word' id='word_1_255' title='bbox 354 2900 413 2942; x_wconf 85' lang='lat' dir='ltr'>sunt</span> <span class='ocrx_word' id='word_1_256' title='bbox 429 2893 503 2943; x_wconf 90' lang='lat' dir='ltr'>multi</span> <span class='ocrx_word' id='word_1_257' title='bbox 508 2909 516 2951; x_wconf 92' lang='lat'>;</span> <span class='ocrx_word' id='word_1_258' title='bbox 536 2891 612 2942; x_wconf 90' lang='lat' dir='ltr'>immo</span> <span class='ocrx_word' id='word_1_259' title='bbox 629 2909 660 2942; x_wconf 87' lang='lat' dir='ltr'>ex</span> <span class='ocrx_word' id='word_1_260' title='bbox 677 2893 791 2942; x_wconf 84' lang='lat' dir='ltr'>Platonis</span> <span class='ocrx_word' id='word_1_261' title='bbox 803 2893 864 2944; x_wconf 88' lang='lat' dir='ltr'>Ione</span> <span class='ocrx_word' id='word_1_262' title='bbox 876 2890 1002 2956; x_wconf 89' lang='lat' dir='ltr'>opinionis</span> <span class='ocrx_word' id='word_1_263' title='bbox 1013 2906 1076 2940; x_wconf 89' lang='lat' dir='ltr'>suae</span> 
     </span>
     <span class='ocr_line' id='line_1_34' title="bbox 99 2958 1076 3027; baseline -0.002 -19"><span class='ocrx_word' id='word_1_264' title='bbox 99 2958 255 3024; x_wconf 82' lang='lat' dir='ltr'>praesidium</span> <span class='ocrx_word' id='word_1_265' title='bbox 279 2969 423 3026; x_wconf 86' lang='lat' dir='ltr'>captarunt,</span> <span class='ocrx_word' id='word_1_266' title='bbox 445 2963 489 3011; x_wconf 92' lang='lat' dir='ltr'>ubi</span> <span class='ocrx_word' id='word_1_267' title='bbox 512 2968 595 3010; x_wconf 88' lang='lat' dir='ltr'>tamen</span> <span class='ocrx_word' id='word_1_268' title='bbox 620 2961 746 3027; x_wconf 90' lang='lat' dir='ltr'>rhapsodo</span> <span class='ocrx_word' id='word_1_269' title='bbox 776 2963 883 3011; x_wconf 85' lang='lat' dir='ltr'>maxima</span> <span class='ocrx_word' id='word_1_270' title='bbox 909 2958 1076 3009; x_wconf 79' lang='lat' dir='ltr'>necessariam</span> 
     </span>
     <span class='ocr_line' id='line_1_35' title="bbox 99 3026 1075 3095; baseline -0.001 -19"><span class='ocrx_word' id='word_1_271' title='bbox 99 3043 153 3077; x_wconf 88' lang='lat' dir='ltr'>esse</span> <span class='ocrx_word' id='word_1_272' title='bbox 174 3026 266 3079; x_wconf 91' lang='lat' dir='ltr'>dicitur</span> <span class='ocrx_word' id='word_1_273' title='bbox 284 3028 406 3078; x_wconf 81' lang='lat' dir='ltr'>memoria</span> <span class='ocrx_word' id='word_1_274' title='bbox 423 3028 505 3079; x_wconf 86' lang='lat' dir='ltr'>valere</span> <span class='ocrx_word' id='word_1_275' title='bbox 522 3047 547 3095; x_wconf 79' lang='lat' dir='ltr'>p,</span> <span class='ocrx_word' id='word_1_276' title='bbox 566 3029 624 3084; x_wconf 84' lang='lat'>539.</span> <span class='ocrx_word' id='word_1_277' title='bbox 643 3030 682 3090; x_wconf 70' lang='lat' dir='ltr'>u„</span> <span class='ocrx_word' id='word_1_278' title='bbox 701 3030 815 3095; x_wconf 88' lang='lat' dir='ltr'>nihilque</span> <span class='ocrx_word' id='word_1_279' title='bbox 833 3028 903 3080; x_wconf 91' lang='lat' dir='ltr'>alind</span> <span class='ocrx_word' id='word_1_280' title='bbox 914 3027 988 3094; x_wconf 87' lang='lat' dir='ltr'>inest,</span> <span class='ocrx_word' id='word_1_281' title='bbox 1007 3027 1075 3094; x_wconf 91' lang='lat' dir='ltr'>quod</span> 
     </span>
     <span class='ocr_line' id='line_1_36' title="bbox 99 3095 1072 3165; baseline -0.004 -20"><span class='ocrx_word' id='word_1_282' title='bbox 99 3095 130 3146; x_wconf 88' lang='lat' dir='ltr'>ad</span> <span class='ocrx_word' id='word_1_283' title='bbox 153 3112 230 3146; x_wconf 87' lang='lat' dir='ltr'>usum</span> <span class='ocrx_word' id='word_1_284' title='bbox 253 3098 433 3162; x_wconf 85' lang='lat' dir='ltr'>exemplarium</span> <span class='ocrx_word' id='word_1_285' title='bbox 456 3104 560 3163; x_wconf 83' lang='lat' dir='ltr'>spectet</span> <span class='ocrx_word' id='word_1_286' title='bbox 600 3097 717 3164; x_wconf 85' lang='lat' dir='ltr'>Denique</span> <span class='ocrx_word' id='word_1_287' title='bbox 739 3097 817 3160; x_wconf 89' lang='lat' dir='ltr'>addo,</span> <span class='ocrx_word' id='word_1_288' title='bbox 841 3098 908 3165; x_wconf 88' lang='lat' dir='ltr'>quod</span> <span class='ocrx_word' id='word_1_289' title='bbox 932 3097 959 3144; x_wconf 93' lang='lat' dir='ltr'>in</span> <span class='ocrx_word' id='word_1_290' title='bbox 983 3096 1072 3157; x_wconf 84' lang='lat' dir='ltr'>verbis,</span> 
     </span>
     <span class='ocr_line' id='line_1_37' title="bbox 99 3162 1074 3234; baseline -0.001 -21"><span class='ocrx_word' id='word_1_291' title='bbox 99 3164 193 3230; x_wconf 89' lang='lat' dir='ltr'>quibus</span> <span class='ocrx_word' id='word_1_292' title='bbox 212 3165 397 3230; x_wconf 87' lang='lat' dir='ltr'>rhapsodorum</span> <span class='ocrx_word' id='word_1_293' title='bbox 415 3167 530 3217; x_wconf 89' lang='lat' dir='ltr'>recitatio</span> <span class='ocrx_word' id='word_1_294' title='bbox 549 3173 658 3230; x_wconf 83' lang='lat' dir='ltr'>notatur,</span> <span class='ocrx_word' id='word_1_295' title='bbox 677 3166 775 3217; x_wconf 90' lang='lat' dir='ltr'>nullum</span> <span class='ocrx_word' id='word_1_296' title='bbox 794 3175 842 3228; x_wconf 88' lang='lat' dir='ltr'>est,</span> <span class='ocrx_word' id='word_1_297' title='bbox 860 3166 927 3234; x_wconf 90' lang='lat' dir='ltr'>quod</span> <span class='ocrx_word' id='word_1_298' title='bbox 945 3162 1006 3214; x_wconf 87' lang='lat' dir='ltr'>illuc</span> <span class='ocrx_word' id='word_1_299' title='bbox 1020 3179 1074 3229; x_wconf 89' lang='lat' dir='ltr'>per·</span> 
     </span>
     <span class='ocr_line' id='line_1_38' title="bbox 98 3229 1072 3304; baseline -0.004 -22"><span class='ocrx_word' id='word_1_300' title='bbox 98 3233 185 3283; x_wconf 85' lang='lat' dir='ltr'>lineat.</span> <span class='ocrx_word' id='word_1_301' title='bbox 220 3231 314 3284; x_wconf 86' lang='lat' dir='ltr'>Dicunt</span> <span class='ocrx_word' id='word_1_302' title='bbox 342 3236 433 3285; x_wconf 84' lang='lat' dir='ltr'>Graeci</span> <span class='ocrx_word' id='word_1_303' title='bbox 458 3234 489 3284; x_wconf 90' lang='lat' dir='ltr'>de</span> <span class='ocrx_word' id='word_1_304' title='bbox 514 3250 545 3284; x_wconf 90' lang='lat' dir='ltr'>ea</span> <span class='ocrx_word' id='word_1_305' title='bbox 568 3229 655 3304; x_wconf 78' lang='grc' dir='ltr'><em>ᾄδειν,</em></span> <span class='ocrx_word' id='word_1_306' title='bbox 677 3232 799 3298; x_wconf 77' lang='grc' dir='ltr'><em>ψάλλειν,</em></span> <span class='ocrx_word' id='word_1_307' title='bbox 817 3233 958 3296; x_wconf 76' lang='grc' dir='ltr'><em>μελωδεῒν,</em></span> <span class='ocrx_word' id='word_1_308' title='bbox 975 3246 1072 3298; x_wconf 81' lang='grc' dir='ltr'><em>μνημο-</em></span> 
     </span>
     <span class='ocr_line' id='line_1_39' title="bbox 98 3285 1071 3372; baseline 0 -25"><span class='ocrx_word' id='word_1_309' title='bbox 98 3297 196 3364; x_wconf 83' lang='grc' dir='ltr'><em>νεύειν,</em></span> <span class='ocrx_word' id='word_1_310' title='bbox 216 3299 400 3368; x_wconf 68' lang='grc' dir='ltr'><em>ἀπαγγέλλειν,</em></span> <span class='ocrx_word' id='word_1_311' title='bbox 419 3300 577 3366; x_wconf 60' lang='lat' dir='ltr'>scarabeum,</span> <span class='ocrx_word' id='word_1_312' title='bbox 596 3303 699 3365; x_wconf 90' lang='lat' dir='ltr'>similia,</span> <span class='ocrx_word' id='word_1_313' title='bbox 717 3321 844 3372; x_wconf 90' lang='lat' dir='ltr'>nusquam</span> <span class='ocrx_word' id='word_1_314' title='bbox 863 3285 1071 3368; x_wconf 79' lang='grc' dir='ltr'><em>άναγιγνώσκειν</em></span> 
     </span>
     <span class='ocr_line' id='line_1_40' title="bbox 98 3367 352 3439; baseline 0.016 -21"><span class='ocrx_word' id='word_1_315' title='bbox 98 3375 140 3420; x_wconf 84' lang='lat' dir='ltr'>aut</span> <span class='ocrx_word' id='word_1_316' title='bbox 159 3367 352 3439; x_wconf 64' lang='grc' dir='ltr'><em>ἀναλέγεσθαι.</em></span> 
     </span>
    </p>
   </div>
   <div class='ocr_carea' id='block_1_8' title="bbox 165 3455 584 3611">
    <p class='ocr_par' dir='ltr' id='par_1_8' title="bbox 165 3455 584 3611">
     <span class='ocr_line' id='line_1_41' title="bbox 165 3455 584 3524; baseline 0.005 -16"><span class='ocrx_word' id='word_1_317' title='bbox 165 3455 200 3520; x_wconf 84' lang='lat'>⁷¹)</span> <span class='ocrx_word' id='word_1_318' title='bbox 218 3458 338 3524; x_wconf 85' lang='lat' dir='ltr'>Xenopb.</span> <span class='ocrx_word' id='word_1_319' title='bbox 357 3457 475 3524; x_wconf 83' lang='lat' dir='ltr'>Sympos.</span> <span class='ocrx_word' id='word_1_320' title='bbox 491 3459 538 3521; x_wconf 89' lang='lat'>111,</span> <span class='ocrx_word' id='word_1_321' title='bbox 557 3460 584 3520; x_wconf 80' lang='grc'>5.</span> 
     </span>
     <span class='ocr_line' id='line_1_42' title="bbox 165 3541 549 3611; baseline -0.016 -15"><span class='ocrx_word' id='word_1_322' title='bbox 165 3541 199 3608; x_wconf 84' lang='lat'>⁷²)</span> <span class='ocrx_word' id='word_1_323' title='bbox 216 3543 246 3594; x_wconf 89' lang='lat' dir='ltr'>ln</span> <span class='ocrx_word' id='word_1_324' title='bbox 263 3543 381 3595; x_wconf 88' lang='lat' dir='ltr'>Phaedro</span> <span class='ocrx_word' id='word_1_325' title='bbox 398 3562 424 3611; x_wconf 90' lang='lat' dir='ltr'>p.</span> <span class='ocrx_word' id='word_1_326' title='bbox 443 3546 501 3600; x_wconf 79' lang='grc'><em>274,</em></span> <span class='ocrx_word' id='word_1_327' title='bbox 519 3547 549 3597; x_wconf 84' lang='grc' dir='ltr'>Ε.</span> 
     </span>
    </p>
   </div>
   <div class='ocr_carea' id='block_1_9' title="bbox 0 0 1356 4124">
    <p class='ocr_par' dir='ltr' id='par_1_9' title="bbox 0 0 1356 4124">
     <span class='ocr_line' id='line_1_43' title="bbox 0 0 1356 4124; baseline 0 5"><span class='ocrx_word' id='word_1_328' title='bbox 0 0 1356 4124; x_wconf 95' lang='lat' dir='ltr'> </span> 
     </span>
    </p>
   </div>
  </div>
 </body>
</html>
