2694 4116
480 345 694 401 -101-

502 515 704 594 XXXVII.

180 669 235 728 ssa
256 672 290 728 de
310 671 429 745 antiquis
448 673 510 743 illis,
531 673 710 745 (redeundum
731 673 801 728 enim
822 673 903 730 nobis
929 691 977 747 eo,
1003 673 1076 732 unde

99 749 220 821 digressi
239 751 353 820 sumna)
379 767 475 822 parum
495 757 611 818 constat,
633 751 771 821 quomodo
791 749 903 822 reliquis
922 751 1077 821 interpretis

97 825 191 882 functi
209 825 263 882 sint
282 828 386 882 officiis.
426 828 534 898 Quippe
559 844 606 882 eos
631 845 686 881 non
710 828 738 881 in
763 845 818 881 una
843 828 897 882 ista
916 845 945 882 re
966 845 1078 899 operam

98 903 215 971 lusisse,
241 903 290 958 sed
314 905 395 960 etiam
422 913 508 958 artem
533 907 632 975 potitae
657 903 762 959 etalio
788 903 921 974 quaedam
940 905 1078 960 illustrare

44 1007 51 1016 -
100 996 248 1051 aggressos
268 995 335 1048 esse,
356 997 390 1035 ex
409 981 531 1036 Platonis
550 981 617 1035 Ione
637 987 666 1034 et
684 981 854 1037 memorabili
876 981 993 1051 quodam
1012 981 1075 1034 loco

100 1055 261 1112 Aristotelis
280 1057 405 1126 coniicio,
425 1058 454 1111 in
473 1074 528 1128 quo
548 1053 579 1105 οἱ
596 1054 740 1124 ἀρχαῖοι
752 1050 920 1123 Ὁμηρικοὶ
937 1062 1076 1126 notantur,

100 1141 235 1204 tanquam
261 1133 362 1189 nobilis
388 1133 456 1187 ordo
481 1135 623 1189 doctorum
652 1133 806 1203 hominum,
837 1134 865 1188 in
895 1133 1079 1188 minutissimis

101 1210 273 1265 haerentium
294 1210 372 1281 quasi
391 1209 574 1266 Masorethioa
593 1209 709 1280 carew).

181 1301 281 1358 Paullo
306 1303 403 1358 melius
427 1310 516 1359 aetate
536 1303 649 1359 Periclis
672 1305 700 1358 in
720 1301 944 1375 interpretatione
965 1303 1079 1358 Homeri

104 1377 264 1436 elaborasse
282 1379 411 1435 videntur
431 1380 592 1451 sophistae,
613 1380 659 1450 qui
681 1381 784 1450 omnia,
806 1398 875 1452 quae
895 1388 953 1436 turn
973 1379 1081 1435 liberali

103 1457 197 1512 studio
218 1456 299 1527 digna
319 1456 499 1525 habebantur,
519 1458 554 1511 ad
576 1457 743 1527 disciplinam
764 1473 839 1511 suern
859 1459 983 1528 redigere
996 1457 1080 1525 soliti,

103 1550 140 1588 ue
153 1533 331 1604 grammatica
345 1535 453 1604 quidem
464 1539 611 1603 praecepta
622 1540 650 1587 et
660 1535 824 1603 optimorum
834 1539 975 1605 poetarum
987 1533 1081 1588 lectio·

105 1626 169 1664 nem
190 1609 242 1664 sibi
263 1610 453 1680 negligendam
472 1615 647 1679 putaverunt.
684 1611 728 1666 lta
746 1610 893 1667 Prodicum
913 1603 1034 1680 legimus‘
1048 1609 1082 1664 de

105 1687 181 1741 veris
201 1687 387 1755 potestatibus
405 1685 651 1741 vocabulorum'et
670 1687 758 1741 causis
772 1703 865 1742 earum
877 1687 1016 1742 subtiliter
1029 1685 1082 1739 dis-

104 1760 279 1832 putassetlt,
299 1761 418 1833 itemque
438 1764 619 1834 Protagoram
640 1770 667 1816 et
686 1763 783 1817 Eleum
803 1763 930 1833 Hippiam
951 1779 984 1816 ea
1003 1763 1083 1832 plane

104 1838 256 1892 instituisse
269 1845 397 1907 tractare,
409 1856 478 1909 quae
491 1839 602 1909 propria
615 1844 679 1892 srrnt
693 1839 790 1893 doctae
800 1838 1029 1909 interpretationis
1035 1835 1082 1908 ⁸²).

108 1915 199 1984 Quam
219 1913 336 1970 feliciter
356 1915 404 1983 illi,
425 1931 554 1986 quaerere
574 1915 642 1968 nihil
661 1913 768 1970 attinet.
807 1915 876 1970 Nam
903 1915 983 1985 primi
1004 1932 1084 1968 cona·

108 1998 153 2046 tus
175 1991 243 2047 tales
263 2009 307 2045 res
326 1993 360 2045 ad
381 1995 600 2062 praeceptionem
618 1992 685 2045 artis
698 1991 844 2046 revocandi
858 1992 926 2046 adeo
941 1999 1004 2046 sunt
1017 1991 1083 2044 diffi-

109 2068 188 2136 ciles,
209 2074 240 2121 ut
260 2069 370 2122 summis
389 2069 504 2140 ingeniis
523 2069 550 2121 in
570 2069 603 2121 iis
622 2067 679 2122 labi
698 2068 780 2122 liceat
799 2068 922 2136 honeste,
944 2085 1014 2139 quae
1028 2083 1082 2121 uno

108 2144 220 2199 saeculo
244 2151 308 2214 post
333 2143 379 2198 vix
404 2147 506 2200 tirones
531 2145 640 2214 impune
666 2145 797 2200 nesciant.
838 2146 899 2216 Quo
927 2161 961 2198 ex
985 2160 1084 2216 genere

107 2220 176 2274 illud
198 2227 252 2285 est,
278 2220 352 2291 quod
379 2221 412 2276 de
437 2238 487 2275 usu
514 2222 667 2291 imperativi
687 2221 761 2276 modi
780 2223 926 2277 verborum
945 2221 1085 2292 praecepit

107 2296 286 2366 Protagoras,
307 2298 507 2367 reprehendens
527 2301 651 2369 po'e'tam,
677 2299 751 2369 quod
771 2297 880 2352 Musam
900 2297 1085 2352 immodestius

108 2373 252 2428 inuocauit.
291 2373 421 2444 Hippiam
441 2391 507 2428 vero
529 2373 609 2429 etiam
630 2375 659 2428 in
680 2375 735 2428 suis
755 2371 916 2431 ἐπιδείξεσιν
935 2373 1008 2444 apud
1022 2373 1085 2428 Pla·

109 2458 201 2503 tonem
222 2452 250 2504 in
270 2451 430 2520 cognomine
451 2451 561 2522 dialogo
583 2451 622 2506 ita
642 2451 824 2521 disputantem
844 2451 966 2504 videmus
981 2451 1014 2504 de
1028 2449 1086 2503 Ho-

110 2543 186 2580 mero
208 2527 321 2596 eliisque
341 2527 444 2595 potitis,
471 2534 502 2581 ut
526 2527 559 2581 ad
586 2527 770 2582 dubitationes
796 2533 824 2581 et
851 2528 1024 2597 quaestiones
1051 2527 1084 2580 de

110 2604 221 2657 illorum
236 2603 383 2670 sententiis,
407 2603 556 2659 virtutibus
576 2611 603 2658 et
623 2604 696 2657 uitiis
716 2603 901 2674 responderet.
932 2603 1011 2658 Unde
1024 2619 1086 2672 per·

110 2681 235 2750 spionum
257 2685 299 2734 est
318 2675 502 2746 προβλήματα
519 2698 567 2736 seu
588 2676 705 2746 ἀπορίας
722 2689 750 2735 et
769 2676 863 2735 λύσεις
881 2679 955 2749 illas,
978 2679 1007 2734 in
1028 2679 1086 2749 qni-

179 2927 214 2993 ι9)
230 2927 374 2994 Metaphys.
391 2927 449 2980 Xll.
467 2945 492 2995 p.
510 2929 569 2985 450.
587 2927 617 2978 B.
635 2927 727 2979 Dural.
746 2925 828 2994 (XIV.
847 2923 923 2992 extr.)
936 2925 1003 2976 Puto
1017 2925 1086 2975 enirn

111 3015 168 3048 curn
185 2996 334 3064 eylnurgts
352 2997 438 3048 locum
456 2998 523 3047 huno
540 2998 572 3046 de
590 2997 785 3056 muratoribus,
796 3011 847 3046 non
866 2996 898 3045 de
915 2993 1086 3043 imitatoribus

107 3066 217 3149 Homeri
234 3065 428 3148 iintelligendum
446 3081 510 3116 esse.
546 3065 588 3116 sto
612 3073 636 3114 et
658 3064 775 3114 Eustath.
801 3081 825 3129 p.
844 3064 904 3117 260·
928 3065 1001 3128 ponit
1020 3059 1087 3116 τοὺς

113 3131 310 3267 qmpilddmll'clato
328 3201 429 3252 Cbarm.
448 3218 473 3267 ρ.
492 3201 550 3256 163.
567 3201 599 3252 D.
611 3203 679 3252 Men.
694 3217 720 3266 p·
732 3199 773 3256 to.
786 3200 818 3250 ll.
837 3197 932 3264 (lratyl.
945 3213 970 3264 p.
984 3195 1041 3250 3841
1056 3193 1086 3245 B.

180 3285 215 3354 εί)
232 3289 273 3338 De
289 3287 430 3353 Protagora
446 3303 470 3337 v.
489 3287 593 3337 Aristot.
612 3287 684 3337 Poet.
704 3286 743 3336 19.
761 3284 852 3336 Conna
870 3282 937 3351 qnod
955 3280 1087 3346 scripsisse

113 3356 205 3408 deinde
223 3356 415 3413 Grammaticos.
433 3363 546 3421 arguunt
563 3353 660 3404 Soholl.
678 3360 703 3402 et
720 3355 792 3404 Euat.
811 3371 837 3418 p.
859 3354 898 3404 to.
932 3350 971 3400 De
988 3349 1086 3428 Hippia

113 3426 180 3476 Plat.
198 3424 277 3491 Hipp.
294 3425 327 3474 11.
346 3437 386 3490 pr.
405 3422 456 3475 cta
475 3423 507 3474 de
525 3421 567 3474 Or.
585 3421 629 3485 Ill,
648 3423 701 3481 32,
719 3422 762 3472 ubi
780 3421 819 3472 illi
836 3419 954 3470 tribuitur
976 3419 1087 3484 cognitio

114 3493 443 3628 poeifrufflggrrnirerseque
461 3492 492 3542 de
505 3490 631 3558 Sophistis
649 3488 751 3541 Isocrat.
762 3488 905 3540 Panathen.
918 3505 943 3554 p.
956 3487 1016 3540 436.
1027 3487 1087 3540 446.
