2694 4116
501 317 710 370 *195-

7 541 12 548 ,
122 495 177 534 nec
191 478 310 534 rationes
323 474 476 543 traduntur,
496 491 565 545 quas
579 474 637 544 ipse
650 472 781 530 ahulerat
794 474 822 528 in
836 473 1100 544 Commentariia0‘),

5 619 13 631 .
120 571 212 626 neque
231 553 336 620 fontes,
362 551 435 606 unde
455 568 501 606 aaa
522 551 624 618 hausit,
651 555 782 621 quantum
809 550 835 604 ei
854 551 912 606 aive
932 551 1021 607 meriti
1041 552 1099 608 sive

5 631 13 704 'j
120 631 220 701 cuipas
243 626 436 700 assignandum
456 628 506 694 sit,
527 627 686 698 plerumque
706 627 900 705 incertissimus
920 629 1034 683 haereas
1053 645 1098 682 ne·

5 708 13 778 f
120 724 200 762 cesse
220 714 270 762 est.
306 705 345 760 At
364 705 432 758 illud
452 704 532 758 nobis
552 703 633 758 facile
651 703 802 773 largientur
822 703 905 773 docti,
926 711 958 760 ut
977 706 1003 758 in
1017 705 1098 758 huius

120 801 233 854 quoque
260 781 424 838 recensionis
450 781 607 852 fragmentis
631 779 762 851 pleraque
783 780 818 835 ad
839 777 990 846 παράδοσιν
1013 799 1098 852 quan·

7 927 10 934 ⁴
120 863 188 914 dam
208 868 235 914 et
249 860 410 929 scripturam
424 866 481 912 tum
495 857 635 928 vulgatam
650 855 807 926 referamus,
827 859 986 928 praesertim
1006 858 1098 928 inepta

119 938 180 1004 illa,
201 953 271 1007 quae
291 953 352 990 cum
365 935 507 990 Zenodoto
528 940 555 987 et
575 933 637 988 aliis
657 933 855 1003 antiquioribus
876 935 1028 990 communia
1047 933 1098 988 ha-

6 1080 10 1104 :
121 1015 192 1082 buit,
213 1029 301 1083 neque
321 1013 404 1084 igitur
423 1010 525 1081 primus
545 1009 695 1065 adscivisse
714 1011 804 1080 putari
824 1012 968 1083 potest⁹⁷).
1001 1011 1035 1066 In
1055 1010 1099 1063 his

124 1107 191 1160 ergo
212 1107 267 1144 uon
287 1096 342 1144 tam
362 1087 430 1141 iilud
450 1093 540 1157 patet,
566 1086 631 1156 quid
651 1086 775 1157 probarit
794 1088 853 1158 ipse
880 1095 928 1143 aut
954 1092 1036 1158 potita
1061 1087 1101 1140 di-

123 1167 283 1237 gnissimum
304 1164 437 1234 iudicarit,
459 1180 540 1233 quam
561 1163 625 1233 quid
641 1179 695 1216 non
708 1164 876 1234 improbarit,
891 1166 956 1235 quid
972 1166 1033 1220 loco
1047 1181 1101 1218 non

126 1243 267 1298 moverit.v
291 1241 327 1296 In
347 1241 443 1296 ceteris
463 1247 569 1308 autern,
590 1239 617 1294 in
637 1240 737 1310 quibus
757 1241 832 1294 nulla
852 1243 988 1312 antiquior
1007 1246 1103 1297 aucto·

124 1321 195 1374 ritas
214 1319 337 1387 affertur,
361 1319 469 1372 tametsi
488 1317 627 1386 Excerpta
646 1315 817 1372 Scholiorum
836 1318 909 1388 apud
931 1335 973 1373 me
994 1317 1103 1388 quidem

121 1396 233 1450 minime
253 1395 355 1450 habent
374 1394 445 1448 hanc
467 1393 562 1460 fidem,
588 1400 620 1446 ut
647 1408 680 1448 ca
704 1393 738 1446 ad
765 1394 932 1466 diligentiam
959 1399 1103 1451 accuratae
1192 1399 1194 1404 “

123 1472 258 1526 orationis
278 1471 449 1541 interpretari
469 1476 516 1524 aut
538 1485 571 1522 ex
592 1470 689 1539 quovis
708 1470 817 1525 silentio
837 1470 939 1542 aliquid
954 1469 1102 1527 extundere

123 1549 256 1617 audeam3
278 1548 326 1602 sed
346 1549 374 1602 in
394 1547 490 1601 ceteris
511 1551 610 1614 tamen,
632 1563 702 1616 quae
723 1546 902 1618 Aristophani
923 1549 1031 1619 proprie
1052 1547 1099 1601 tri·

124 1627 254 1690 buuntur‚
275 1625 405 1678 maiorem
426 1623 575 1678 doctrinam
597 1633 624 1677 et
643 1623 805 1679 modestiam
826 1625 906 1680 facile
919 1625 1101 1696 agnoscimus.

123 1701 169 1756 Ac
189 1702 360 1771 reperiuntur
380 1701 407 1754 in
428 1717 460 1754 eo
481 1715 592 1753 numero
618 1700 713 1770 plura,
741 1718 810 1771 quae
837 1703 935 1772 partim
961 1719 1016 1756 non
1041 1699 1102 1755 reii-

124 1777 224 1833 cienda
244 1775 404 1831 Aristarcho
426 1777 484 1831 visa
505 1774 566 1843 sint,
587 1777 694 1846 partim,
715 1779 760 1832 vel
780 1778 865 1833 invito
886 1778 955 1846 hoc,
976 1778 1012 1833 ab
1032 1777 1103 1831 inae·

124 2025 190 2074 dunt
208 2022 388 2086 Callistratum,
406 2022 582 2089 Aristophanis
601 2023 766 2090 discipulum.
803 2023 853 2074 Hic
877 2023 957 2088 igitur
979 2023 1105 2074 lectiones

123 2091 240 2158 magistri
258 2093 298 2141 sui
316 2092 355 2142 rei
375 2093 429 2156 ipse
447 2101 576 2156 receperat
594 2091 619 2141 in
640 2100 749 2152 textum,
774 2092 816 2142 vel
840 2092 866 2142 in
891 2091 963 2142 libris
986 2093 1056 2151 auis,
1073 2089 1103 2139 ἐν

125 2161 166 2226 τῷ
185 2156 249 2226 περὶ
267 2153 384 2222 Ἰλιάδος,
403 2157 431 2208 ἐν
450 2160 509 2216 τοῖς
527 2157 723 2226 διορθωτικοῖς,
743 2159 772 2209 ἐν
791 2161 831 2228 τῷ
848 2157 918 2228 πρὸς
936 2157 986 2218 τὰς
1004 2157 1102 2226 ἀθετή-

124 2242 186 2284 σεις
208 2229 238 2291 (s.
261 2240 348 2277 corrtra
370 2227 456 2277 obelos
474 2227 660 2294 Aristarchaos)
683 2237 796 2280 servarat
840 2227 1012 2278 Callistratum
1035 2227 1105 2278 hunc

122 2312 212 2346 rursus
230 2296 357 2360 excerpsit
383 2292 525 2360 Didymus3
553 2295 652 2362 Didymi
675 2307 760 2347 autem
784 2313 862 2361 opera
884 2296 912 2346 in
937 2297 1007 2346 hisce
1029 2295 1105 2346 rebus

125 2364 235 2428 piurima
253 2362 367 2412 fruimur.
402 2361 468 2412 Vide
486 2363 519 2413 ad
536 2360 564 2425 β.
585 2367 641 2418 111.
661 2365 719 2418 435.
738 2379 762 2414 τ.
782 2367 824 2419 76.
843 2365 902 2419 327.
919 2373 966 2417 etc.

192 2448 225 2512 ⁸⁶)
240 2441 427 2515 Ὑπομνήματα
444 2449 511 2499 euim
529 2448 659 2499 addidisse
677 2448 751 2500 illum
770 2450 912 2500 recensioni
935 2465 1013 2511 suae,
1036 2448 1105 2500 mul-

122 2526 163 2568 tas
182 2517 214 2566 ob
232 2532 319 2566 causas
338 2527 433 2566 certum
452 2527 499 2577 est,
519 2517 568 2567 atsi
586 2533 709 2583 nusquam
729 2535 758 2568 ea
768 2517 918 2568 nominatim
931 2526 1105 2570 memorantur

123 2587 152 2634 iu
172 2582 293 2644 scholiis,
307 2584 357 2634 nisi
376 2585 439 2634 torte
457 2585 489 2634 ad
506 2583 535 2648 β.
561 2585 619 2639 133.
642 2593 668 2635 et
691 2601 720 2651 φ.
748 2587 803 2641 130.
827 2585 871 2636 ubi
896 2585 1050 2654 ποιημάτων
1078 2586 1106 2636 iu

125 2650 322 2720 ὑπομνημάτων
343 2651 490 2702 mutandum
508 2669 565 2704 oasa
589 2660 659 2704 recta
683 2653 742 2704 sidit
762 2653 901 2705 Bredovius
926 2671 1006 2704 maus.
1041 2653 1107 2705 Inde

124 2728 242 2786 sumptus
261 2731 308 2780 est,
327 2729 355 2770 ut
372 2721 469 2786 opinor,
488 2720 559 2772 locus
583 2721 615 2772 de
639 2738 714 2772 versu
730 2721 863 2788 Odysseae
886 2739 927 2788 ap.
947 2723 1041 2775 Athen.
1060 2723 1105 2775 vl.

124 2805 149 2854 p.
170 2788 227 2842 228.
248 2789 280 2839 D.
300 2796 326 2839 ot
343 2788 389 2838 iila
405 2787 528 2854 Porphyr.
547 2789 577 2850 Q.
597 2787 630 2839 H.
647 2789 672 2843 8,
691 2791 718 2839 in
736 2791 830 2856 quibua
848 2787 1021 2854 ὁβέλτιστος
1032 2787 1103 2858 Ἀρι-

123 2855 266 2924 στοφάοης
283 2856 400 2907 laudatur
416 2855 514 2923 ῥητῶς.
546 2861 583 2908 Ac
600 2855 757 2924 Porphyrius
775 2858 882 2908 fortasse
894 2859 1012 2910 volumen
1024 2857 1107 2912 oculis

124 2933 287 2990 usurpaverat
293 2941 301 2984 ;
320 2936 346 2975 at
364 2923 517 2975 Scholiastas
536 2925 600 2977 illud
620 2941 756 2991 usurpasse
774 2943 825 2977 nou
844 2927 1002 2979 crediderim.

194 3007 227 3073 ⁰⁷)
246 3008 389 3059 Zenodotea
405 3019 467 3059 sunt
485 3009 554 3070 haec,
573 3027 587 3060 e
606 3010 696 3076 quibus
715 3019 798 3061 mmen
817 3028 947 3078 perpauca
963 3028 1006 3062 aas
1019 3010 1108 3062 sordes

126 3075 206 3137 olant,
226 3093 290 3142 quaa
309 3076 383 3126 modo
402 3077 559 3128 ridebamus:
584 3080 629 3130 sed
647 3079 707 3129 satis
731 3081 778 3129 erit
802 3096 922 3130 numeros
945 3096 1052 3146 ponere:
1079 3075 1109 3131 Α.

125 3146 168 3198 91.
186 3142 214 3206 β.
233 3144 313 3198 Gatal.
333 3145 392 3198 308.
410 3145 487 3212 (vulg.
505 3147 576 3211 801.)
592 3163 618 3214 7.
636 3149 677 3201 57.
700 3147 755 3202 126.
775 3144 797 3200 δ,
820 3149 877 3202 137.
898 3147 982 3206 (121
1005 3163 1030 3214 η.
1044 3148 1105 3202 452.

125 3211 154 3262 d.
173 3214 231 3266 290.
251 3213 310 3266 304.
330 3229 346 3262 r.
369 3213 423 3266 158.
440 3229 463 3262 κ.
481 3213 542 3267 306.
558 3229 585 3274 μ.
606 3217 646 3269 66.
665 3217 707 3270 79.
729 3217 783 3269 127.
808 3232 830 3268 ν.
849 3217 871 3268 2.
892 3219 933 3270 71.
961 3217 1017 3270 107.
1046 3215 1105 3269 245.

126 3281 185 3334 246.
205 3282 264 3336 551.
284 3277 446 3336 ξ.36.177.
466 3281 524 3336 '208-
544 3283 602 3336 229.
627 3284 684 3338 259.
709 3285 769 3337 276.
793 3285 850 3338 299.
875 3285 934 3339 310.
959 3285 1017 3338 400.
1044 3283 1104 3337 412.

127 3349 186 3402 505.
208 3365 230 3399 ο.
251 3349 307 3402 139.
325 3350 384 3403 301.
404 3365 432 3400 π.
452 3349 510 3402 223.
529 3365 553 3402 ο.
577 3352 632 3405 198.
651 3353 711 3405 400.
728 3353 786 3404 466.
805 3353 863 3406 502.
877 3352 906 3416 ψ.
921 3353 979 3406 461.
994 3350 1104 3401 -Aliis

128 3417 144 3469 9
164 3417 227 3468 locis
245 3425 346 3468 notatur
363 3417 543 3484 Aristophanis
557 3433 696 3470 cousensus
709 3435 765 3470 curn
778 3419 865 3485 aliqua
876 3420 947 3470 editt.
960 3417 1109 3480 urbicarum,

127 3499 155 3533 α.
175 3485 233 3540 298.
251 3485 310 3538 424.
328 3485 387 3539 585.
406 3485 464 3539 598.
482 3500 508 3551 r·
525 3487 567 3540 51.
595 3503 617 3541 ο.
635 3489 676 3542 44.
702 3501 727 3537 τ.
745 3487 787 3542 86.
811 3504 834 3538 ο.
855 3489 911 3542 183,
939 3506 969 3540 ιο.
993 3487 1045 3549 30,
1070 3487 1109 3537 his

129 3569 190 3604 cum
209 3569 261 3606 nna
279 3553 405 3614 libianae,
423 3567 447 3605 τ.
465 3557 507 3607 41.
527 3563 553 3604 ct
571 3555 600 3618 ψ.
619 3556 661 3610 81.
