2694 4116
499 310 690 363 ...39-

105 484 170 520 rum
191 465 344 523 Garminum
369 467 533 537 invaluerat3
561 467 644 538 idque
670 473 727 522 tum
751 467 824 538 apud
845 466 967 523 Graecos
992 466 1082 537 potuit

105 544 170 597 fieri
191 544 261 598 intra
281 545 348 598 duas
367 551 458 599 tresve
479 550 596 614 τελείει,
625 545 684 598 eius
711 561 776 615 ergo
796 545 885 598 famae
907 544 1084 600 constantiam

106 638 145 675 ne
172 626 339 689 postremum
365 622 474 691 quidem
498 639 594 676 aevum
614 622 722 690 penitus
743 622 907 676 obscuravit.
947 621 1083 677 Notabilis

109 715 146 752 cx
165 697 220 750 hoc
239 715 337 766 genere
356 699 476 752 narratio
497 704 539 752 est
559 698 586 752 in
600 697 715 752 Scholiis
729 697 915 767 Lipsiensibus
936 705 964 752 et
988 698 1086 751 Eusta-

109 773 212 843 tlrioi),
234 770 385 822 Δολώνειαν
403 775 421 828 i.
442 793 466 829 e.
486 774 660 844 rhapsodiam
679 774 716 828 X.
731 775 834 829 Iliados
854 775 888 829 ab
902 775 1023 829 Homero
1037 790 1087 843 pro

114 850 248 920 singulari
269 853 399 920 opusculo
421 852 520 905 iactam
540 869 614 920 csse,
639 869 656 905 a
674 851 819 906 Pisistrato
839 858 929 905 autem
950 856 1088 920 receptam

113 929 143 979 in
164 927 352 988 collectionem
373 929 493 998 corporis
513 929 563 982 sui.
603 929 636 981 Iu
661 929 755 998 primis
782 945 847 982 vero
874 928 929 981 huc
953 929 1089 997 pertinent

112 1003 236 1058 absurda
256 1012 406 1058 commenta
426 1004 684 1072 Grammaticorum,
710 1005 755 1074 qui
777 1021 868 1059 curam
888 1003 1024 1058 Pisistrati
1044 1020 1088 1056 ex·

112 1080 217 1150 plicare
231 1081 329 1148 conati,
351 1098 433 1150 quum
454 1080 558 1150 priscos
572 1099 661 1136 mores
674 1083 818 1150 nescirent,
838 1081 872 1135 ad
887 1086 1031 1150 corruptos
1044 1097 1088 1132 rn-

114 1173 207 1210 mores
233 1162 260 1211 et
286 1158 424 1228 proprium
450 1158 586 1227 ingenium
614 1159 802 1228 confugerunt.
842 1157 935 1212 Animi
961 1174 1043 1211 causa
1062 1155 1089 1208 in

114 1234 169 1286 hac
194 1233 248 1286 ima
273 1235 372 1304 pagina
396 1235 484 1304 ipsum
510 1235 598 1289 locum
624 1235 695 1289 dabo
717 1235 857 1289 Diomedis
878 1233 1031 1302 cuiusdam,
1058 1239 1089 1284 ut

116 1310 315 1380 cumprimum
334 1309 453 1365 Allatius
474 1317 500 1366 et
520 1329 606 1380 nuper
625 1310 805 1366 Villoisonius
825 1328 839 1366 e
860 1311 939 1365 MSS.
961 1310 1046 1364 edidit
1054 1309 1086 1380 ⁹).

190 1562 211 1624 ⁸)
229 1565 300 1614 Euat.
318 1579 342 1627 pv
363 1561 421 1616 785.
440 1564 481 1612 41.
504 1557 587 1611 Φασὶν
606 1560 632 1610 oi
644 1559 760 1624 παλαιοὶ,
773 1561 823 1630 τήν
835 1559 977 1629 ῥαψῳδίαν
992 1557 1092 1626 ταύτην

120 1629 167 1696 ὑφ’
183 1626 303 1698 Ὃμήρου
322 1627 374 1697 ἰδίᾳ
393 1627 461 1678 τετά
481 1629 534 1690 θαι,
554 1627 597 1678 καὶ
619 1629 657 1697 μή
682 1627 892 1696 ἐγκαταλεγήναι
916 1631 973 1686 τοῖς
996 1627 1095 1694 μέρεσι

119 1702 172 1765 τῆς
196 1696 323 1758 Ἰλιάδος,
344 1697 394 1747 ὑπὸ
413 1696 441 1747 δέ
458 1645 664 1765 λλεισιστράτου
683 1697 818 1766 τετάχθαι
842 1696 883 1754 εἰς
906 1697 956 1764 τήν
981 1695 1095 1762 ποίησιν.

192 1769 215 1833 ⁰)
233 1769 280 1817 Ille
297 1769 313 1817 l.
334 1777 431 1831 apag.
451 1769 492 1821 93.
509 1769 553 1818 hic
571 1769 665 1817 Anecd.
686 1769 729 1817 Gr.
748 1767 777 1816 Τ.
796 1766 828 1816 11.
848 1784 872 1830 p.
892 1767 948 1818 182.
961 1760 1096 1830 sqq.'‘'0rt

121 1833 150 1886 ἔν
171 1851 223 1886 τινι
236 1835 330 1904 χρόνῳ
342 1832 376 1884 τὰ
385 1833 437 1895 ‘On
446 1835 507 1902 ’ρου
519 1835 655 1904 ποιήματα
667 1832 898 1900 παρεφθάρησαν,
911 1833 927 1899 ἢ
941 1831 992 1881 ὑπὸ
1002 1831 1096 1897 πυράς,

120 1905 139 1971 ἢ
160 1901 211 1953 ὑπὸ
230 1906 351 1964 σεισμοῦ,
371 1903 387 1970 ή
406 1853 456 1954 urz
477 1902 583 1955 ὑδάτων
604 1903 755 1968 ὑποφορᾶς,
781 1899 825 1949 καί
848 1897 1020 1968 ἀλληνάλλως
1044 1903 1095 1950 τῶν

122 1969 239 2036 βιβλίων
263 1971 515 2023 διασκεδασθέντων
539 1971 581 2022 καί
605 1969 782 2038 φθαρέντων,
813 1967 929 2036 ὕστερον
954 1967 1056 2035 εὑρέθη
1081 1968 1096 2017 ὁ

122 2039 174 2104 μὲν
194 2037 264 2109 ἔχων
283 2040 376 2090 ἑκατὸν
395 2039 504 2109 στίχους
522 2058 553 2092 τυ
573 2040 602 2090 δν
618 2036 790 2106 ιίίμηρικούς,
808 2037 823 2086 δ
841 2038 871 2088 δὲ
887 2036 1000 2107 χιλίους,
1019 2032 1099 2093 ἀλλος

123 2107 288 2168 διακοσίους,
308 2104 389 2167 ἀλλος
406 2110 488 2167 ὅσους
507 2108 539 2160 ἂν
552 2058 650 2178 ἐτυχε,
669 2107 712 2157 καὶ
737 2103 832 2168 ἔμελλε
855 2105 927 2188 λήθη
953 2103 1097 2171 παραδίδο-

123 2178 190 2228 σθαι
209 2177 225 2244 ή
244 2177 355 2244 τοιαύτη
374 2179 489 2246 ποίησις·
509 2177 575 2228 ἀλλὰ
589 2175 795 2243 Πεισίστρατος,
805 2171 956 2242 Ἀθηναιων
982 2188 1098 2241 στρατη·

123 2246 181 2311 γός,
199 2243 287 2294 θέλων
307 2245 394 2312 ἑαυτῷ
413 2245 494 2304 δόξαν
521 2245 764 2314 περιποιήσασθαι,
783 2241 826 2292 καί
851 2242 884 2293 τὰ
908 2245 957 2292 τοῦ
977 2239 1099 2307 (θμήρου

125 2311 292 2370 docuerimus.
316 2315 439 2365 τοιοῦτόν
463 2332 489 2366 τι
514 2314 706 2378 ἐβουλεύσατο.
739 2309 890 2378 Ἐκήρυξεν
915 2310 943 2359 ἐν
966 2309 1040 2394 πάση
1065 2311 1099 2376 τῇ

122 2379 241 2440 Ἑλλάδι,
265 2381 311 2431 τὸν
337 2380 433 2450 ἔχοντα
456 2381 616 2452 Ὁμηρικοὺς
639 2381 750 2452 στίχους
772 2380 882 2446 ἀγαγεῖν
913 2378 984 2445 πρὸς
1007 2375 1099 2440 αυτόν,

127 2448 172 2501 ἐπὶ
189 2449 280 2517 μισθῷ
299 2449 442 2520 ὡρισμένῳ
459 2453 521 2502 καθ’
535 2449 649 2500 ἕκαστον
663 2449 765 2519 στίχον·
780 2448 881 2504 πάντες
894 2444 939 2495 οὖν
954 2445 978 2494 οἱ
991 2443 1102 2513 ἔχοντες

125 2517 277 2584 ἀπέφερον,
295 2519 338 2568 καὶ
357 2518 511 2582 ἐλάμβανον
530 2518 725 2585 ἀδιαστρὸφως
747 2517 795 2567 τὸν
820 2514 970 2583 ὁρισθέντα
994 2510 1101 2572 μισθόν.

121 2584 175 2638 θάκ
192 2585 322 2636 ἀπεδίωκε
342 2587 372 2637 δὲ
391 2587 454 2637 οὐδὲ
473 2588 518 2637 τὸν
539 2587 662 2654 φέροντα
680 2585 727 2643 οὓς
744 2583 796 2653 ήδη
814 2580 974 2651 προειλήφει
992 2578 1103 2648 στίχους

126 2653 193 2722 παρ’
213 2653 318 2719 ἑτέρου,
337 2655 403 2705 ἀλλὰ
427 2654 540 2707 κάκείνω
558 2656 604 2704 τδν
630 2655 713 2704 αὐτὸν
739 2651 861 2703 ἐπεδίδου
884 2648 992 2712 μισθόν·
1017 2647 1102 2697 ἐνίοτε

126 2721 183 2790 γὰρ
203 2723 231 2771 ἐν
252 2722 346 2782 αὐτοῖς
363 2722 410 2776 ἕνα
428 2711 451 2793 ἢ
465 2723 512 2774 δύο
523 2705 640 2802 ’στίχους
657 2723 770 2789 εὕρισκε
788 2717 948 2787 περιττούς,
967 2715 1053 2766 ἐνίοτε
1072 2714 1102 2764 δέ

127 2791 173 2842 καῖ
193 2789 311 2847 πλείους·
331 2791 396 2843 ὅθεν
422 2811 463 2851 τις
487 2791 547 2843 ἔσθ’
572 2793 619 2841 ore
643 2790 687 2840 καί
711 2789 795 2846 ἰδίους
819 2786 1018 2854 παρειςέφερε,
1041 2782 1104 2841 τοὺς

130 2862 179 2910 νῦν
199 2857 416 2923 δβελιζομένους.
452 2857 505 2912 Καὶ
522 2858 593 2922 μετὰ
611 2860 642 2911 τὸ
661 2859 767 2915 πάντας
784 2857 961 2922 συναγαγεῖν,
986 2851 1103 2918 παρεκά-

21 2961 30 2982 e
128 2926 209 2978 λεσεν
230 2922 273 2989 οβ
291 2927 318 2989 (ό
335 2930 424 2995 Allat.)
447 2927 653 2996 γραμματικοὺς
678 2926 857 2978 συνθεῖναι
882 2922 920 2973 τὰ
939 2925 999 2973 τοῦ
1020 2917 1103 2987 Ὁμή-

127 3014 205 3064 ρου,
225 2993 338 3044 ἕκαστον
357 2997 413 3048 κατ’
433 2997 511 3060 ἰδίαν,
531 2998 605 3053 ὅπως
622 2995 654 3046 ἂν
674 2995 741 3064 δάξη
762 2996 807 3060 τιν’
830 2991 989 3043 συντεθέντι
1016 2987 1105 3044 καλῶς

129 3062 212 3134 ἔχειν,
231 3062 274 3113 ἐπὶ
290 3066 382 3136 μισθῷ
401 3068 532 3132 πρέποντι
555 3065 671 3132 λογικοῖς
694 3063 811 3130 ἀνδράσι
835 3059 879 3110 καὶ
902 3061 1009 3127 κριταῖς
1031 3073 1104 3123 ποιη·

128 3131 233 3195 μάτων,
252 3133 358 3204 ἑκάστῳ
376 3134 501 3192 δεδωκὼς
516 3132 621 3190 πάντας
639 3132 703 3189 τοὺς
721 3130 768 3181 στί
785 3148 832 3188 ους
849 3125 906 3178 κατ’
926 3126 1005 3188 ἰδίαν,
1024 3125 1106 3180 ὅσους

129 3199 164 3269 ῆν
183 3202 352 3268 συναγαγών·
370 3201 414 3252 καὶ
429 3201 500 3263 μετὰ
518 3202 549 3252 τὸ
568 3198 681 3250 ἕκαστον
700 3151 842 3250 συνθεῖναι
860 3195 927 3247 κατὰ
945 3195 992 3262 τήν
1006 3192 1106 3242 ἑαυτοῦ

131 3272 250 3341 γνώμην,
270 3273 311 3330 εἰς
328 3272 357 3322 ἓν
376 3271 511 3340 συνήγαγε
536 3269 643 3326 πάντας
667 3266 734 3324 τοὺς
755 3264 962 3335 προλεχθέντας
983 3275 1107 3342 γραμμα-

132 3341 235 3404 τικοὺς,
254 3340 417 3408 ὀφείλοντας
434 3337 565 3396 ἐπιδεῖξαι
583 3337 656 3404 αὐτῷ
674 3333 787 3386 ἕκαστον
807 3335 856 3402 τήν
876 3332 943 3382 ἰδίαν
968 3327 1107 3390 συνθεσιν,

134 3410 279 3478 παρόντων
299 3411 366 3472 ὁμοῦ
384 3409 501 3460 πάντων.
532 3403 609 3456 θῦται
627 3402 673 3454 οὖν
693 3402 901 3470 ἀκροασάμενοι,
914 3398 946 3448 οδ
959 3396 1029 3464 πρὸς
1040 3393 1106 3462 ἔριν,

135 3479 205 3531 ἀλλὰ
225 3481 296 3547 πρὸς
312 3479 343 3529 τὸ
362 3476 471 3544 ἀληθές,
490 3474 534 3526 καλ
551 3475 603 3525 πᾶν
623 3472 654 3522 τὸ
673 3475 708 3540 τῇ
721 3471 820 3540 (πάντη
840 3471 932 3532 Allat.)
956 3466 1039 3534 τέχνη
1060 3461 1107 3530 ἀρ-

135 3549 228 3612 μάζον,
248 3546 356 3618 ἔκριναν
375 3545 477 3603 πάντες
500 3545 575 3612 κοινῇ
598 3539 642 3590 καὶ
667 3539 829 3608 ὁμοφώνως,
855 3537 1034 3603 ἐπικρατῆσαι
1058 3531 1106 3599 τὴν
