2702 4124
652 333 841 387 ..70-

263 494 329 549 Feci
349 494 457 563 quidem
477 501 505 550 et
525 497 582 565 ipse
596 502 740 568 utrumque
755 515 804 567 pro
820 498 890 551 virili
903 504 990 568 parte,
1011 498 1107 552 sedulo
1122 515 1233 567 cavens,

261 587 295 624 ne
322 571 387 640 quid
412 571 478 625 mihi
508 573 702 628 dissimularem
732 580 779 627 aut
811 575 908 644 cupide
928 591 1049 646 agerem3
1081 575 1130 629 sed
1162 575 1233 630 haec

262 647 439 716 complurium
463 655 490 703 et
516 649 623 704 diversa
647 651 692 704 via
716 651 924 722 ingredientium
944 651 1040 706 studiis
1061 651 1142 722 digna
1164 669 1231 706 cura

261 825 366 878 duorum
394 843 547 878 summorum
574 827 705 878 hominum
731 831 907 878 auctoritatem
935 829 1024 880 afferre
1050 845 1169 893 possum,
1198 829 1233 880 Is.

261 895 403 946 Oasauboni
420 905 445 947 et
462 897 492 946 lt.
510 893 625 954 Bentleii,
644 895 669 944 in
688 913 794 962 quorum
813 897 911 962 scriptis
928 914 979 946 non
993 898 1111 963 ambigua
1122 897 1233 962 vestigia

260 970 358 1013 exstant
370 963 482 1015 eiusdem
494 962 628 1028 opinionis.
655 963 683 1012 In
696 963 839 1014 Castuboni
851 965 951 1029 scriptia
970 963 1044 1030 plura
1055 972 1115 1015 sunt
1129 964 1174 1028 [cf.
1186 963 1233 1032 cp.

259 1030 371 1082 XXXIX
383 1049 408 1082 n.
421 1031 476 1098 42]
488 1030 598 1082 Bentleii
607 1048 684 1080 unum
698 1025 773 1082 estin
786 1033 873 1098 primis
886 1032 986 1100 insigne
997 1035 1024 1084 in
1036 1033 1100 1083 libro
1112 1033 1233 1083 adversus

260 1097 385 1149 Collinum
403 1100 504 1166 anglice
522 1101 629 1164 scripto:
650 1099 772 1148 Hemorlce
788 1117 856 1164 upon
875 1117 891 1148 a
903 1099 953 1151 late
964 1099 1100 1150 Diacourse
1112 1103 1142 1163 cs
1149 1099 1232 1150 Free-

259 1165 383 1232 tlu'nlcinp,
402 1168 431 1216 irs
448 1185 466 1218 a
483 1165 569 1218 Letiar
586 1173 610 1214 to
628 1165 662 1216 N.
681 1165 715 1216 N.
734 1166 765 1232 hy
785 1166 986 1220 Pddeleutlserua
997 1167 1146 1234 Lipsiensis,
1159 1169 1232 1220 cuius

259 1235 364 1302 primam
388 1236 447 1286 edit.
473 1236 547 1290 1713.
571 1243 597 1286 et
620 1238 756 1302 septimam
784 1238 855 1290 1737.
879 1253 939 1304 praa
963 1236 1044 1287 oculis
1072 1235 1161 1286 habeo.
1201 1236 1231 1286 In

259 1312 365 1369 unaque
384 1304 473 1354 harum
490 1304 581 1356 iisdem
598 1305 681 1354 verbis
699 1305 721 1369 ξ.
738 1303 796 1355 VH.
815 1306 878 1355 haec
895 1305 1024 1371 leguntur:
1045 1304 1138 1354 Homer
1155 1312 1231 1354 wrote

258 1388 276 1419 o
297 1371 381 1434 sequel
404 1371 434 1436 <ff
453 1371 533 1436 Scope
559 1371 613 1422 and
636 1369 808 1436 Rlcpscdice,
832 1381 855 1421 to
879 1371 907 1422 de
928 1389 994 1438 sung
1017 1371 1047 1438 cy
1072 1371 1232 1438 himselffor

260 1437 333 1488 small
350 1439 471 1506 earninps
490 1439 545 1489 and
560 1439 626 1506 pccd
649 1439 733 1501 cicer,
757 1447 784 1490 at
807 1439 931 1490 Festicals
953 1441 1008 1492 end
1030 1439 1100 1490 otlter
1121 1439 1237 1505 dayscff

258 1505 428 1568 Merrimeot5
452 1507 490 1558 tta
512 1506 585 1558 Iliad
607 1507 638 1557 lie
661 1506 734 1557 made
748 1509 798 1572 scr
821 1508 862 1560 tlte
884 1506 962 1570 Men,
981 1509 1036 1558 cod
1053 1507 1094 1557 tlte
1114 1505 1233 1574 Odysseia

252 1579 301 1640 sor·
319 1573 357 1625 tte
375 1574 445 1626 oster
462 1573 520 1628 Sex,
560 1573 657 1626 These
674 1573 759 1627 lcoee
776 1577 880 1642 Serape
897 1592 977 1627 acere
994 1585 1049 1626 not
1073 1574 1233 1627 collected

258 1643 406 1706 toyetlter
429 1643 464 1692 in
486 1644 539 1694 tlte
563 1641 658 1693 Fcrm
685 1643 722 1706 cs
744 1661 786 1694 cn
810 1643 893 1710 Epic
917 1645 1024 1704 Pcem,
1052 1643 1106 1694 till
1134 1645 1233 1695 about

258 1709 312 1760 500
338 1727 436 1776 years
461 1715 556 1776 after.
598 1711 668 1773 Quid
695 1712 788 1763 clarius
811 1722 849 1763 est
870 1715 940 1765 hisce
963 1713 1065 1764 verbis?
1093 1713 1184 1779 anue
1208 1722 1233 1765 ct

255 1778 321 1831 satis
338 1780 446 1846 cogitate
464 1781 563 1846 scripta,
582 1797 630 1831 nee
648 1781 736 1829 ardore
754 1781 911 1846 digladiandi
929 1782 992 1832 elisa
1009 1799 1080 1844 esse,
1103 1799 1138 1832 ex
1155 1784 1232 1832 totius

258 1848 310 1900 loci
327 1857 448 1900 contextu
466 1858 577 1915 apparet.
610 1847 699 1914 Neque
718 1857 800 1900 tamen
817 1850 880 1900 haec
899 1851 1022 1917 professio
1041 1850 1164 1917 principis
1176 1850 1231 1902 Cri·

259 1918 372 1979 ticorum,
391 1926 444 1968 tam
461 1927 547 1983 aperta
569 1927 671 1984 tamque
695 1914 865 1970 memorabilis
889 1928 991 1985 propter
1013 1920 1098 1985 ipsu'm
1121 1931 1232 1985 tempus,

260 2003 309 2051 quo
328 2003 382 2037 eam
401 1986 487 2044 edidit,
506 1989 523 2038 i.
549 2004 570 2037 e.
595 1988 681 2051 paucis
706 1988 778 2036 annis
802 1995 859 2052 post
881 1987 1005 2038 famosum
1029 2004 1091 2052 opus
1114 1986 1231 2046 Perralti,

259 2071 304 2104 seu
322 2055 389 2120 quod
414 2071 444 2104 ea
468 2055 493 2103 in
517 2054 582 2106 libro
606 2053 762 2119 potissimum
786 2054 914 2120 theologis
938 2055 1029 2120 scripto
1053 2055 1163 2116 latebat,
1186 2071 1230 2106 seu

258 2122 325 2187 quod
343 2120 430 2172 multis
448 2131 540 2172 temere
559 2124 625 2174 iacta
643 2122 783 2181 videbatur,
803 2124 834 2172 ab
852 2123 906 2174 ullo
923 2123 974 2174 viro
993 2123 1065 2174 docto
1084 2123 1116 2172 ad
1129 2124 1230 2188 discep-

260 2189 380 2240 tationem
404 2203 492 2241 vocata
515 2198 568 2250 est;
596 2193 673 2240 immo
697 2206 712 2237 a
734 2191 861 2257 plerisque
887 2191 987 2257 penitus
1010 2191 1140 2256 neglecta,
1165 2203 1196 2242 ut
1216 2209 1231 2240 a

258 2256 361 2310 Moneta
379 2257 411 2308 ad
430 2257 564 2308 Bailletum
585 2255 1033 2324 r.111.P.1.p.277.‚11sd01ini
1057 2275 1163 2309 caecum
1181 2260 1228 2310 im·

259 2334 346 2392 petum
363 2334 489 2387 narrante,
508 2328 539 2378 ab
558 2326 626 2386 aliis,
643 2335 672 2376 ut
691 2344 706 2378 a
723 2327 841 2386 (derisio,
864 2326 954 2394 frigide
977 2335 1020 2377 aut
1042 2328 1121 2376 tribus
1145 2328 1228 2378 verbis

258 2394 415 2457 transmissa,
435 2414 450 2445 a
467 2395 555 2460 Popiis
572 2397 635 2446 adeo
653 2395 736 2446 derisa
753 2396 868 2446 fortasse.
904 2399 938 2446 At
957 2395 1011 2460 ipse
1029 2393 1169 2455 Bentleius,
1188 2397 1230 2462 qui

259 2464 383 2514 senectuti
401 2481 468 2516 suae,
479 2465 587 2514 criticam
606 2464 775 2515 recensionem
793 2463 898 2514 Homeri
915 2473 1069 2530 seposuerat‚
1087 2463 1113 2512 in
1132 2464 1188 2524 illa,
1206 2463 1231 2514 id

260 2533 330 2598 quod
348 2549 378 2584 ex
396 2533 547 2599 quibusdam
566 2532 665 2582 indiciis
684 2532 790 2599 colligo,
812 2532 870 2581 huic
892 2535 929 2582 rei
953 2549 983 2581 ex
1005 2531 1128 2581 industrie
1149 2532 1231 2583 lucam

260 2601 363 2653 daturus
382 2611 443 2653 erat.
480 2602 638 2666 Quapropter
655 2600 728 2651 valde
746 2601 828 2662 miror,
847 2600 919 2658 nihil,
931 2600 1000 2664 quod
1018 2599 1052 2648 ad
1069 2601 1134 2649 hanc
1151 2617 1230 2666 quae·

259 2669 366 2721 ationem
385 2677 494 2735 spectet,
513 2670 617 2735 reperiri
634 2669 661 2718 in
680 2669 772 2719 criticis
792 2668 863 2719 libris
881 2669 1032 2735 Anglorum,
1052 2671 1095 2734 qui
1114 2667 1145 2718 de
1162 2668 1231 2718 illius

259 2737 376 2788 editionis
400 2738 506 2788 consilio
529 2739 681 2787 mentionem
709 2737 811 2788 faciunt.
853 2735 993 2802 Digamma
1017 2735 1151 2786 Aeolicum
1174 2752 1231 2786 eum

260 2805 419 2856 reducturum
438 2805 525 2868 luisse,
544 2804 674 2856 Dawesius
693 2815 717 2855 et
734 2805 777 2854 alii
795 2820 901 2872 operose
923 2805 1019 2856 docent.
1054 2803 1125 2854 Haec
1147 2813 1231 2855 autem

259 2875 371 2924 narratio
390 2874 421 2924 de
441 2875 592 2940 digammate
610 2873 672 2924 mihi
684 2890 759 2938 saepe
771 2875 950 2926 dubitationem
963 2873 1049 2924 iniecit
1062 2873 1231 2936 recolerem,

260 2940 320 3005 quid
338 2939 481 2993 Bentleium
499 2944 631 2995 coniiciam
650 2941 682 2990 de
699 2942 850 3008 antiquitate
862 2943 997 3008 scripturae
1011 2943 1163 2992 Graecorum
1175 2957 1231 2991 sen·

152 3051 154 3068 ,
259 3009 329 3071 sisse,
350 3009 484 3076 atquibus
503 3012 596 3069 causis,
615 3013 639 3060 si
657 3010 794 3061 Homerum
814 3011 944 3076 scripsisse
961 3011 1064 3075 putarit,
1083 3009 1149 3060 hanc
1166 3009 1231 3058 Car-

260 3077 355 3128 miuum
379 3078 434 3128 eius
458 3079 555 3146 epicam
578 3078 683 3129 formam
706 3088 773 3130 tanto
800 3078 964 3144 posteriorem
992 3093 1085 3144 ponere
1112 3077 1231 3144 potuerit.

260 3145 345 3198 Velim
364 3146 395 3195 de
414 3147 455 3196 his
474 3149 593 3199 certiores
611 3165 657 3197 nos
674 3147 769 3198 iaciant
785 3149 811 3209 ii,
830 3148 874 3213 qui
892 3148 989 3198 aditum
1004 3146 1098 3195 habent
1120 3147 1153 3196 ad
1176 3146 1232 3194 eius

260 3213 404 3266 adversaria
421 3223 447 3266 et
465 3226 539 3266 notas
555 3216 711 3276 Homericus,
725 3232 790 3281 quae
802 3217 828 3264 in
841 3231 930 3266 manus
944 3214 1124 3264 Cumberlaudi
1134 3213 1233 3264 venisse

261 3283 381 3334 dicuntur
398 3283 423 3335 in
440 3283 594 3351 Biographia
612 3283 723 3336 Britann.
742 3284 802 3334 edit.
827 3299 879 3334 sec.
896 3283 954 3334 Vol.
972 3281 1005 3334 Il.
1024 3299 1049 3348 p·
1067 3284 1126 3336 244.
1162 3279 1232 3332 Nihil

260 3358 305 3411 est,
325 3351 357 3402 de
375 3369 424 3419 quo
443 3354 528 3418 potius
546 3353 655 3404 Bentleii
674 3353 792 3402 iudicium
811 3367 933 3418 cognosse
951 3351 1062 3416 cupiam:
1075 3349 1169 3417 etquis
1181 3367 1232 3400 uon

260 3418 327 3469 idem
345 3423 442 3485 cupiat,
460 3422 504 3487 qui
523 3421 688 3472 Phalarideae
706 3423 891 3473 controversiae
908 3419 1017 3470 iudicem
1035 3419 1121 3470 norit?
1139 3419 1168 3468 Id
1187 3419 1232 3468 du·

261 3487 339 3548 bites,
364 3505 395 3539 an
419 3489 490 3540 illius
514 3489 684 3542 emendationi
707 3489 833 3540 Homerus
861 3496 959 3538 tantum
983 3486 1112 3538 debiturus
1133 3487 1231 3545 luisset,

262 3567 384 3620 quantum
402 3557 523 3608 Horatius
542 3559 617 3610 debet
635 3564 660 3608 et
678 3557 780 3608 Comici.
