2694 4116
708 443 751 519 L.

317 582 359 636 At
372 581 502 638 historiae
523 583 600 653 quasi
615 582 774 654 obloquitur
787 583 845 653 ipse
860 591 945 653 vates,
967 591 995 640 et
1016 590 1114 641 contra
1133 593 1221 644 testa·

239 671 284 715 tur
304 676 399 714 sensus
428 659 553 731 legentis.
594 659 690 728 Neque
717 675 784 714 vero
810 661 850 714 ita
878 661 1028 732 deformata
1053 668 1082 717 et
1115 663 1220 720 difficta

239 742 302 790 sunt
323 735 464 803 Carmina,
492 742 523 790 ut
547 737 574 790 in
601 735 683 790 rebus
710 735 825 804 singulis
853 737 958 806 prisone
980 744 1007 792 et
1027 755 1092 792 suas
1113 739 1220 796 formae

237 812 315 868 nimis
336 810 476 866 dissimilia
496 828 555 866 esse
576 811 727 866 videantur.
761 813 848 866 Immo
869 821 1022 884 congruunt
1035 815 1062 868 in
1075 815 1109 870 iis
1124 817 1218 870 omnia

238 890 322 950 ferme
341 889 369 943 in
389 888 460 942 idem
480 888 629 958 ingenium,
651 888 679 940 in
706 888 816 942 eosdem
841 907 944 956 mores,
972 891 999 944 in
1027 891 1141 946 eandem
1161 892 1218 946 lor-

237 966 336 1022 mulam
356 964 489 1019 sentiendi
510 970 538 1018 et
557 963 695 1033 loquendi.
731 963 800 1017 Eam
814 981 871 1019 rem
885 966 1000 1036 quisque
1013 966 1106 1022 intime
1123 969 1216 1037 sentit,

238 1043 284 1113 qui
305 1046 431 1096 accurate
451 1047 479 1095 et
499 1058 560 1093 oum
580 1056 662 1094 sensu
688 1040 772 1110 legit:
799 1058 832 1094 ac
857 1059 892 1096 ne
917 1041 946 1095 id
972 1043 1074 1096 senties
1098 1049 1213 1111 tantum,

237 1118 284 1173 sed
307 1116 396 1172 oensis
416 1116 472 1170 suis
492 1133 655 1188 cognoscas,
682 1132 765 1185 saepe
793 1117 843 1171 tibi
868 1117 903 1172 ab
924 1117 966 1172 bis
986 1117 1158 1174 Carminibus
1179 1120 1216 1190 ad

233 1193 413 1264 Apollonium
439 1191 591 1260 Rhodium,
623 1193 657 1246 ad
684 1193 753 1246 elios
778 1192 977 1248 Alexandrinos
1002 1198 1100 1263 poetas
1127 1202 1155 1250 et
1179 1195 1215 1250 ed

234 1287 304 1339 eum,
325 1269 371 1339 qui
392 1268 474 1338 vulgo
495 1268 608 1322 Homeri
627 1267 717 1339 imago
737 1274 860 1338 putatur,
881 1270 1011 1339 Quintum
1032 1269 1214 1341 Smyrnaeum

232 1344 469 1401 transcurrendum
489 1350 539 1402 est.
571 1345 643 1414 Quid
664 1343 776 1400 autem?
796 1345 819 1399 si
838 1345 980 1400 mirificum
1001 1346 1076 1399 illum
1097 1364 1213 1403 concen-

231 1429 289 1477 tum
309 1428 468 1476 revocetum
490 1421 517 1474 in
537 1421 629 1489 primis
649 1420 802 1475 Aristarchi
828 1422 947 1492 eleganti
966 1421 1075 1493 ingenio
1096 1429 1125 1477 et
1147 1423 1212 1478 doc-

235 1500 322 1552 trinae
344 1497 483 1551 debemus.
524 1496 617 1566 Quid?
643 1498 665 1552 ei
692 1495 737 1551 hic
762 1497 821 1568 ipse
840 1497 976 1553 Zenodoti
997 1505 1025 1554 et
1044 1499 1215 1569 antiquiores

232 1574 457 1644 interpolationes
476 1573 633 1644 multosque
654 1573 774 1628 absonos
793 1590 891 1628 versus
904 1574 1027 1645 sustulit;
1049 1576 1118 1630 tales
1140 1573 1213 1644 dico,

234 1651 329 1721 quales
354 1650 447 1720 paullo
472 1655 536 1705 ente
563 1649 716 1720 notavi¹⁵⁰):
747 1666 816 1719 quos
842 1650 888 1719 qui
909 1649 986 1708 ¹forte
1014 1657 1106 1706 erutos
1132 1652 1214 1708 nobie

236 1726 406 1798 postliminio
421 1727 563 1781 restituere
577 1727 660 1781 vellet
673 1743 760 1780 novus
774 1725 873 1797 editor,
895 1726 1037 1795 rideretur,
1057 1733 1089 1782 ut
1102 1728 1213 1797 opinor,

231 1805 268 1858 ab
290 1804 323 1857 iis
342 1803 424 1872 ipsis,
452 1802 499 1873 qui
525 1819 595 1856 nunc
616 1800 772 1856 Aristarchi
796 1819 907 1856 acumen
928 1803 1025 1858 rident.
1066 1802 1161 1873 Quid?
1188 1808 1212 1858 si

233 1879 436 1950 Aristophanes
467 1884 495 1933 et
519 1877 697 1946 Aristarehus
727 1879 915 1948 temperandis
945 1881 1089 1934 vetustatis
1114 1897 1210 1934 monu-

231 1956 330 2010 mentis
351 1954 477 2010 omnibus
498 1955 637 2025 proprium
658 1954 756 2009 aetatis
777 1955 907 2025 cuiusque
920 1973 1016 2010 sonum
1032 1963 1059 2011 et
1072 1957 1209 2026 legitimas

231 2033 359 2103 antiquae
374 2031 505 2088 orationis
518 2030 620 2085 formas
635 2030 794 2098 calluerunt,
815 2037 843 2085 et
856 2031 937 2086 iidem
950 2031 1075 2103 Hymnos
1089 2037 1208 2088 ceteros·

230 2126 282 2180 que
303 2110 405 2176 libros,
433 2107 499 2161 olim
524 2124 623 2179 magno
649 2124 760 2161 numero
780 2106 894 2162 Homeri
913 2109 1021 2162 nomine
1040 2109 1206 2178 venditatos,

229 2193 360 2256 tanquam
379 2185 487 2253 spurios
501 2183 649 2238 Homerica
667 2182 771 2238 familia
790 2190 1002 2252 summoverunt,
1022 2184 1156 2254 primique
1176 2184 1205 2239 in

228 2261 282 2316 hoc
302 2277 402 2333 genere
422 2260 526 2314 altioris
546 2275 578 2313 ac
593 2258 744 2315 subtilioris
756 2258 858 2326 iudicii,
879 2259 928 2313 sed
947 2259 1102 2316 hominibus
1117 2259 1205 2316 Grae·

227 2338 267 2392 cis
286 2338 376 2392 minus
397 2336 522 2406 difficilis,
543 2335 728 2391 excelluerunt
749 2341 832 2406 atque
852 2335 994 2406 praeclara
1013 2336 1137 2407 exempla
1157 2335 1203 2391 de·

227 2414 326 2469 derunt
334 2413 379 2484 ⁶¹).

291 2589 324 2658 ⁸⁰)
341 2592 372 2643 In
390 2593 458 2642 notis
475 2590 516 2644 45.
536 2597 562 2640 et
579 2591 622 2644 46.
648 2588 754 2654 liliaque
772 2587 889 2640 addenda
906 2587 1008 2639 ridetur
1019 2587 1130 2638 maxima
1140 2603 1201 2654 para

221 2674 340 2712 sonuum
359 2675 454 2720 eorum,
474 2659 517 2723 qni
535 2659 562 2706 in
579 2656 682 2722 vulgari
699 2662 785 2706 nostro
802 2664 872 2708 textu
884 2654 968 2706 adhuc
979 2655 1122 2716 haerentes,
1135 2654 1199 2706 mibi

220 2726 338 2796 plerique
355 2727 477 2788 uncinati,
496 2724 573 2792 plane
591 2725 684 2775 absunt
703 2723 735 2776 ab
747 2723 844 2790 optimo
856 2723 945 2775 codice
955 2723 1062 2775 Veneto.
1085 2723 1199 2774 Numero

221 2801 284 2847 sunt
301 2797 343 2850 46.
371 2793 425 2844 Nee
441 2794 531 2845 horum
550 2792 631 2858 magis
650 2808 726 2859 quam
745 2791 848 2842 illorum
864 2790 897 2843 ab
909 2791 1026 2842 Eustath.
1039 2797 1198 2842 servatorum

218 2862 344 2916 indicium
362 2862 391 2913 fit
408 2862 434 2912 in
453 2860 565 2912 Scholiis
583 2861 684 2914 nostris.

288 2949 321 3016 ⁵¹)
337 2948 428 3016 Neque
445 2948 528 3000 solum
547 2947 572 2998 in
590 2945 709 3014 Hymnis‚
727 2952 756 2996 nt
775 2951 844 3014 puto.
874 2945 942 2996 Nam
959 2944 993 2995 ad
1010 2943 1068 2994 illos
1090 2943 1196 3008 potissi·

218 3035 288 3072 mum
308 3017 416 3072 criticos
433 3017 474 3068 vel
493 3015 634 3083 discipulos
652 3030 740 3066 eorum
757 3014 900 3075 retulerim,
924 3011 993 3080 quod
1016 3010 1195 3063 eruditioribus

217 3087 342 3139 aetatibus
360 3087 459 3138 nullum
483 3085 611 3136 ferebatur
634 3080 850 3147 ὁμολογούμενον
874 3096 892 3147 γ
911 3079 989 3142 ἅμμα
1012 3081 1061 3145 τῆς
1079 3075 1193 3146 Ὁμήρου

217 3154 351 3224 ποιήσεως
368 3151 577 3223 πρεςβύτερον,
602 3159 631 3202 ut
648 3152 685 3202 ait
702 3151 803 3216 Ioseph.
840 3099 951 3220 [ποῖἓμα
968 3144 1047 3198 οὐδὲν
1070 3144 1193 3214 πρεςβύ-

216 3238 300 3292 τερον
313 3221 375 3292 ἧκεν
389 3221 431 3280 εἰς
442 3221 514 3290 ἡμᾶς
524 3222 574 3288 τῆς
580 3215 697 3286 Ὁμήρου
709 3217 853 3286 ποιήσεως,
865 3217 1022 3269 Pindario
1033 3232 1074 3281 ap.
1088 3215 1192 3265 textum

215 3291 313 3360 Empir.
332 3292 388 3343 adv.
405 3291 441 3343 Μ.
461 3295 484 3352 1,
497 3287 567 3353 tot]
607 3287 660 3338 Sed
683 3287 715 3340 de
738 3286 848 3354 Hymnis
871 3302 952 3352 prope
969 3289 1125 3349 compertum
1143 3282 1190 3333 ha·

213 3359 271 3421 beo,
290 3359 451 3426 quodmodo
469 3357 538 3419 dixi,
556 3355 656 3406 nullum
681 3357 809 3408 doctorum
827 3351 1057 3405 Alexandrinorum
1078 3367 1123 3401 eos
1145 3366 1191 3416 pro

214 3425 347 3479 Homereis
365 3427 492 3479 habuisse.
528 3423 614 3476 Etiam
628 3422 672 3476 hio
689 3423 791 3477 silentia
808 3421 954 3491 loquuntur.
978 3418 1037 3471 Non
1049 3417 1117 3486 quod
1129 3417 1189 3469 tali·

215 3495 263 3555 bus
281 3493 512 3570 significationibus
530 3491 639 3544 multum
656 3493 774 3556 tribuum,
792 3491 874 3558 qualia
892 3497 930 3542 est
942 3505 984 3556 ap.
996 3487 1116 3554 Apellen.
1127 3485 1188 3538 hex.
