<?xml version="1.0" encoding="UTF-8"?>
<!DOCTYPE html PUBLIC "-//W3C//DTD XHTML 1.0 Transitional//EN"
    "http://www.w3.org/TR/xhtml1/DTD/xhtml1-transitional.dtd">
<html xmlns="http://www.w3.org/1999/xhtml" xml:lang="en" lang="en">
 <head>
  <title>
</title>
<meta http-equiv="Content-Type" content="text/html;charset=utf-8" />
  <meta name='ocr-system' content='tesseract 3.04.00' />
  <meta name='ocr-capabilities' content='ocr_page ocr_carea ocr_par ocr_line ocrx_word'/>
</head>
<body>
  <div class='ocr_page' id='page_1' title='image "./prolegomenaadho03wolfgoog_0056.png"; bbox 0 0 2702 4124; ppageno 0'>
   <div class='ocr_carea' id='block_1_1' title="bbox 482 331 674 388">
    <p class='ocr_par' dir='ltr' id='par_1_1' title="bbox 482 331 674 388">
     <span class='ocr_line' id='line_1_1' title="bbox 482 331 674 388; baseline 0 -16"><span class='ocrx_word' id='word_1_1' title='bbox 482 331 674 388; x_wconf 65' lang='lat'>„47-</span> 
     </span>
    </p>
   </div>
   <div class='ocr_carea' id='block_1_2' title="bbox 83 491 1071 1788">
    <p class='ocr_par' dir='ltr' id='par_1_2' title="bbox 83 491 1071 1788">
     <span class='ocr_line' id='line_1_2' title="bbox 83 491 1067 564; baseline 0 -16"><span class='ocrx_word' id='word_1_2' title='bbox 83 494 161 548; x_wconf 84' lang='lat' dir='ltr'>haec</span> <span class='ocrx_word' id='word_1_3' title='bbox 181 499 223 548; x_wconf 88' lang='lat' dir='ltr'>est</span> <span class='ocrx_word' id='word_1_4' title='bbox 243 493 276 548; x_wconf 92' lang='lat' dir='ltr'>de</span> <span class='ocrx_word' id='word_1_5' title='bbox 296 493 348 546; x_wconf 88' lang='lat' dir='ltr'>hac</span> <span class='ocrx_word' id='word_1_6' title='bbox 367 491 527 563; x_wconf 80' lang='lat' dir='ltr'>quaestione</span> <span class='ocrx_word' id='word_1_7' title='bbox 547 493 695 548; x_wconf 86' lang='lat' dir='ltr'>auctoritas</span> <span class='ocrx_word' id='word_1_8' title='bbox 709 493 819 560; x_wconf 86' lang='lat' dir='ltr'>diserta,</span> <span class='ocrx_word' id='word_1_9' title='bbox 839 493 888 548; x_wconf 88' lang='lat' dir='ltr'>sed</span> <span class='ocrx_word' id='word_1_10' title='bbox 902 509 935 548; x_wconf 93' lang='lat' dir='ltr'>eo</span> <span class='ocrx_word' id='word_1_11' title='bbox 948 493 1067 564; x_wconf 82' lang='lat' dir='ltr'>gravior,</span> 
     </span>
     <span class='ocr_line' id='line_1_3' title="bbox 84 569 1067 641; baseline 0.002 -18"><span class='ocrx_word' id='word_1_12' title='bbox 84 569 168 640; x_wconf 90' lang='lat' dir='ltr'>quod</span> <span class='ocrx_word' id='word_1_13' title='bbox 189 569 290 640; x_wconf 87' lang='lat' dir='ltr'>scripta</span> <span class='ocrx_word' id='word_1_14' title='bbox 318 575 360 624; x_wconf 89' lang='lat' dir='ltr'>est</span> <span class='ocrx_word' id='word_1_15' title='bbox 386 570 517 624; x_wconf 86' lang='lat' dir='ltr'>adversus</span> <span class='ocrx_word' id='word_1_16' title='bbox 541 570 725 624; x_wconf 89' lang='lat' dir='ltr'>doctissimum</span> <span class='ocrx_word' id='word_1_17' title='bbox 751 571 925 640; x_wconf 85' lang='lat' dir='ltr'>interpretem</span> <span class='ocrx_word' id='word_1_18' title='bbox 946 570 1067 641; x_wconf 86' lang='lat' dir='ltr'>Homeri,</span> 
     </span>
     <span class='ocr_line' id='line_1_4' title="bbox 84 647 1069 702; baseline 0 -1"><span class='ocrx_word' id='word_1_19' title='bbox 84 653 115 701; x_wconf 88' lang='lat' dir='ltr'>et</span> <span class='ocrx_word' id='word_1_20' title='bbox 145 662 226 700; x_wconf 90' lang='lat' dir='ltr'>nemo</span> <span class='ocrx_word' id='word_1_21' title='bbox 252 652 374 701; x_wconf 83' lang='lat' dir='ltr'>vetemm</span> <span class='ocrx_word' id='word_1_22' title='bbox 401 652 489 701; x_wconf 81' lang='lat' dir='ltr'>exstat</span> <span class='ocrx_word' id='word_1_23' title='bbox 515 647 638 701; x_wconf 85' lang='lat' dir='ltr'>diversae</span> <span class='ocrx_word' id='word_1_24' title='bbox 666 663 715 700; x_wconf 90' lang='lat' dir='ltr'>seu</span> <span class='ocrx_word' id='word_1_25' title='bbox 742 647 894 702; x_wconf 89' lang='lat' dir='ltr'>contrariae</span> <span class='ocrx_word' id='word_1_26' title='bbox 920 648 1069 702; x_wconf 89' lang='lat' dir='ltr'>sententiae</span> 
     </span>
     <span class='ocr_line' id='line_1_5' title="bbox 85 723 1068 793; baseline 0.001 -17"><span class='ocrx_word' id='word_1_27' title='bbox 85 723 228 777; x_wconf 82' lang='lat' dir='ltr'>defensor.</span> <span class='ocrx_word' id='word_1_28' title='bbox 270 723 370 792; x_wconf 81' lang='lat' dir='ltr'>Quare,</span> <span class='ocrx_word' id='word_1_29' title='bbox 391 729 530 793; x_wconf 89' lang='lat' dir='ltr'>utcunque</span> <span class='ocrx_word' id='word_1_30' title='bbox 549 724 654 793; x_wconf 85' lang='lat' dir='ltr'>reliqua</span> <span class='ocrx_word' id='word_1_31' title='bbox 673 723 741 778; x_wconf 89' lang='lat' dir='ltr'>fides</span> <span class='ocrx_word' id='word_1_32' title='bbox 761 723 871 793; x_wconf 87' lang='lat' dir='ltr'>Iosephi</span> <span class='ocrx_word' id='word_1_33' title='bbox 893 723 1068 790; x_wconf 82' lang='lat' dir='ltr'>existimetur,</span> 
     </span>
     <span class='ocr_line' id='line_1_6' title="bbox 83 799 1068 870; baseline 0 -18"><span class='ocrx_word' id='word_1_34' title='bbox 83 799 169 853; x_wconf 90' lang='lat' dir='ltr'>locus</span> <span class='ocrx_word' id='word_1_35' title='bbox 189 799 234 853; x_wconf 92' lang='lat' dir='ltr'>ille</span> <span class='ocrx_word' id='word_1_36' title='bbox 254 804 359 853; x_wconf 89' lang='lat' dir='ltr'>tantum</span> <span class='ocrx_word' id='word_1_37' title='bbox 387 800 505 868; x_wconf 83' lang='lat' dir='ltr'>valebit,</span> <span class='ocrx_word' id='word_1_38' title='bbox 531 807 660 869; x_wconf 87' lang='lat' dir='ltr'>quantum</span> <span class='ocrx_word' id='word_1_39' title='bbox 684 800 829 870; x_wconf 84' lang='lat' dir='ltr'>perspicua</span> <span class='ocrx_word' id='word_1_40' title='bbox 855 800 941 853; x_wconf 86' lang='lat' dir='ltr'>verba</span> <span class='ocrx_word' id='word_1_41' title='bbox 967 801 1068 854; x_wconf 86' lang='lat' dir='ltr'>valent.</span> 
     </span>
     <span class='ocr_line' id='line_1_7' title="bbox 83 875 1067 946; baseline -0.001 -17"><span class='ocrx_word' id='word_1_42' title='bbox 83 875 218 945; x_wconf 90' lang='lat' dir='ltr'>Denique</span> <span class='ocrx_word' id='word_1_43' title='bbox 238 876 354 930; x_wconf 87' lang='lat' dir='ltr'>accessit</span> <span class='ocrx_word' id='word_1_44' title='bbox 376 876 401 930; x_wconf 92' lang='lat' dir='ltr'>ei</span> <span class='ocrx_word' id='word_1_45' title='bbox 420 892 506 945; x_wconf 90' lang='lat' dir='ltr'>nuper</span> <span class='ocrx_word' id='word_1_46' title='bbox 526 876 692 930; x_wconf 74' lang='lat' dir='ltr'>scholiastes</span> <span class='ocrx_word' id='word_1_47' title='bbox 713 875 877 946; x_wconf 76' lang='lat' dir='ltr'>quidam⁸⁰)‚</span> <span class='ocrx_word' id='word_1_48' title='bbox 898 876 1006 930; x_wconf 91' lang='lat' dir='ltr'>adiutor</span> <span class='ocrx_word' id='word_1_49' title='bbox 1020 876 1067 930; x_wconf 92' lang='lat' dir='ltr'>mi-</span> 
     </span>
     <span class='ocr_line' id='line_1_8' title="bbox 85 951 1068 1022; baseline 0.002 -18"><span class='ocrx_word' id='word_1_50' title='bbox 85 953 164 1005; x_wconf 90' lang='lat' dir='ltr'>nime</span> <span class='ocrx_word' id='word_1_51' title='bbox 184 951 282 1022; x_wconf 85' lang='lat' dir='ltr'>dignus</span> <span class='ocrx_word' id='word_1_52' title='bbox 303 953 350 1006; x_wconf 91' lang='lat' dir='ltr'>ille</span> <span class='ocrx_word' id='word_1_53' title='bbox 372 953 522 1020; x_wconf 90' lang='lat' dir='ltr'>mentione,</span> <span class='ocrx_word' id='word_1_54' title='bbox 548 952 598 1006; x_wconf 88' lang='lat' dir='ltr'>nisi</span> <span class='ocrx_word' id='word_1_55' title='bbox 620 953 802 1007; x_wconf 77' lang='lat' dir='ltr'>narrationem</span> <span class='ocrx_word' id='word_1_56' title='bbox 823 970 899 1007; x_wconf 85' lang='lat' dir='ltr'>suam</span> <span class='ocrx_word' id='word_1_57' title='bbox 920 969 954 1006; x_wconf 88' lang='lat' dir='ltr'>ex</span> <span class='ocrx_word' id='word_1_58' title='bbox 973 952 1068 1006; x_wconf 88' lang='lat' dir='ltr'>iisdem</span> 
     </span>
     <span class='ocr_line' id='line_1_9' title="bbox 85 1027 1070 1099; baseline 0.002 -19"><span class='ocrx_word' id='word_1_59' title='bbox 85 1027 284 1082; x_wconf 85' lang='lat' dir='ltr'>Alexandrinis</span> <span class='ocrx_word' id='word_1_60' title='bbox 306 1029 427 1098; x_wconf 89' lang='lat' dir='ltr'>reliquiis</span> <span class='ocrx_word' id='word_1_61' title='bbox 449 1029 623 1099; x_wconf 85' lang='lat' dir='ltr'>sublegisset,</span> <span class='ocrx_word' id='word_1_62' title='bbox 645 1028 766 1084; x_wconf 86' lang='lat' dir='ltr'>vitiatam</span> <span class='ocrx_word' id='word_1_63' title='bbox 787 1029 973 1084; x_wconf 83' lang='lat' dir='ltr'>moxfubellis</span> <span class='ocrx_word' id='word_1_64' title='bbox 986 1029 1070 1082; x_wconf 86' lang='lat' dir='ltr'>serio-</span> 
     </span>
     <span class='ocr_line' id='line_1_10' title="bbox 85 1104 1070 1174; baseline 0 -16"><span class='ocrx_word' id='word_1_65' title='bbox 85 1121 150 1158; x_wconf 89' lang='lat' dir='ltr'>rum</span> <span class='ocrx_word' id='word_1_66' title='bbox 166 1104 421 1159; x_wconf 83' lang='lat' dir='ltr'>Grammatioorum.</span> <span class='ocrx_word' id='word_1_67' title='bbox 447 1105 490 1158; x_wconf 82' lang='lat' dir='ltr'>Ex</span> <span class='ocrx_word' id='word_1_68' title='bbox 510 1105 628 1174; x_wconf 89' lang='lat' dir='ltr'>Iosepho</span> <span class='ocrx_word' id='word_1_69' title='bbox 650 1106 721 1159; x_wconf 89' lang='lat' dir='ltr'>enim</span> <span class='ocrx_word' id='word_1_70' title='bbox 741 1106 804 1160; x_wconf 88' lang='lat' dir='ltr'>illos</span> <span class='ocrx_word' id='word_1_71' title='bbox 826 1123 885 1159; x_wconf 89' lang='lat' dir='ltr'>eam</span> <span class='ocrx_word' id='word_1_72' title='bbox 905 1121 959 1159; x_wconf 94' lang='lat' dir='ltr'>non</span> <span class='ocrx_word' id='word_1_73' title='bbox 980 1123 1070 1174; x_wconf 85' lang='lat' dir='ltr'>sump-</span> 
     </span>
     <span class='ocr_line' id='line_1_11' title="bbox 87 1180 1069 1251; baseline 0 -17"><span class='ocrx_word' id='word_1_74' title='bbox 87 1182 162 1235; x_wconf 89' lang='lat' dir='ltr'>sisse</span> <span class='ocrx_word' id='word_1_75' title='bbox 182 1181 354 1235; x_wconf 90' lang='lat' dir='ltr'>manifestum</span> <span class='ocrx_word' id='word_1_76' title='bbox 376 1187 426 1236; x_wconf 88' lang='lat' dir='ltr'>est.</span> <span class='ocrx_word' id='word_1_77' title='bbox 467 1180 592 1237; x_wconf 84' lang='lat' dir='ltr'>Ceterum</span> <span class='ocrx_word' id='word_1_78' title='bbox 614 1189 744 1251; x_wconf 90' lang='lat' dir='ltr'>quantum</span> <span class='ocrx_word' id='word_1_79' title='bbox 764 1182 938 1236; x_wconf 89' lang='lat' dir='ltr'>tribuendum</span> <span class='ocrx_word' id='word_1_80' title='bbox 959 1181 994 1235; x_wconf 91' lang='lat' dir='ltr'>sit</span> <span class='ocrx_word' id='word_1_81' title='bbox 1019 1180 1069 1235; x_wconf 87' lang='lat' dir='ltr'>tali</span> 
     </span>
     <span class='ocr_line' id='line_1_12' title="bbox 87 1257 1070 1328; baseline 0 -18"><span class='ocrx_word' id='word_1_82' title='bbox 87 1257 194 1311; x_wconf 87' lang='lat' dir='ltr'>iudicio</span> <span class='ocrx_word' id='word_1_83' title='bbox 215 1264 350 1326; x_wconf 80' lang='lat' dir='ltr'>veterum,</span> <span class='ocrx_word' id='word_1_84' title='bbox 370 1276 420 1327; x_wconf 89' lang='lat' dir='ltr'>pro</span> <span class='ocrx_word' id='word_1_85' title='bbox 442 1274 471 1311; x_wconf 92' lang='lat' dir='ltr'>se</span> <span class='ocrx_word' id='word_1_86' title='bbox 492 1259 607 1328; x_wconf 86' lang='lat' dir='ltr'>quisque</span> <span class='ocrx_word' id='word_1_87' title='bbox 629 1259 778 1328; x_wconf 87' lang='lat' dir='ltr'>expendat:</span> <span class='ocrx_word' id='word_1_88' title='bbox 797 1258 864 1311; x_wconf 91' lang='lat' dir='ltr'>mihi</span> <span class='ocrx_word' id='word_1_89' title='bbox 878 1258 929 1312; x_wconf 90' lang='lat' dir='ltr'>etsi</span> <span class='ocrx_word' id='word_1_90' title='bbox 943 1257 1070 1328; x_wconf 86' lang='lat' dir='ltr'>gravissi·</span> 
     </span>
     <span class='ocr_line' id='line_1_13' title="bbox 85 1334 1070 1405; baseline 0.002 -19"><span class='ocrx_word' id='word_1_91' title='bbox 85 1351 166 1386; x_wconf 87' lang='lat' dir='ltr'>mum</span> <span class='ocrx_word' id='word_1_92' title='bbox 187 1334 295 1388; x_wconf 87' lang='lat' dir='ltr'>videtur</span> <span class='ocrx_word' id='word_1_93' title='bbox 314 1335 414 1404; x_wconf 87' lang='lat' dir='ltr'>partim</span> <span class='ocrx_word' id='word_1_94' title='bbox 433 1351 483 1405; x_wconf 86' lang='lat' dir='ltr'>per</span> <span class='ocrx_word' id='word_1_95' title='bbox 500 1351 538 1402; x_wconf 91' lang='lat' dir='ltr'>se,</span> <span class='ocrx_word' id='word_1_96' title='bbox 559 1335 659 1405; x_wconf 86' lang='lat' dir='ltr'>partim</span> <span class='ocrx_word' id='word_1_97' title='bbox 675 1335 737 1404; x_wconf 90' lang='lat' dir='ltr'>quia</span> <span class='ocrx_word' id='word_1_98' title='bbox 751 1335 802 1388; x_wconf 87' lang='lat' dir='ltr'>illis</span> <span class='ocrx_word' id='word_1_99' title='bbox 816 1335 895 1404; x_wconf 83' lang='lat' dir='ltr'>plura</span> <span class='ocrx_word' id='word_1_100' title='bbox 907 1335 1070 1392; x_wconf 79' lang='lat' dir='ltr'>Homericae</span> 
     </span>
     <span class='ocr_line' id='line_1_14' title="bbox 86 1410 1071 1481; baseline 0.001 -17"><span class='ocrx_word' id='word_1_101' title='bbox 86 1410 178 1464; x_wconf 82' lang='lat' dir='ltr'>aetati</span> <span class='ocrx_word' id='word_1_102' title='bbox 198 1412 321 1478; x_wconf 86' lang='lat' dir='ltr'>proxima</span> <span class='ocrx_word' id='word_1_103' title='bbox 343 1410 469 1464; x_wconf 85' lang='lat' dir='ltr'>Carmina</span> <span class='ocrx_word' id='word_1_104' title='bbox 489 1413 517 1464; x_wconf 93' lang='lat' dir='ltr'>in</span> <span class='ocrx_word' id='word_1_105' title='bbox 538 1412 663 1466; x_wconf 89' lang='lat' dir='ltr'>manibus</span> <span class='ocrx_word' id='word_1_106' title='bbox 684 1417 770 1478; x_wconf 83' lang='lat' dir='ltr'>erant,</span> <span class='ocrx_word' id='word_1_107' title='bbox 791 1413 819 1465; x_wconf 92' lang='lat' dir='ltr'>in</span> <span class='ocrx_word' id='word_1_108' title='bbox 840 1411 892 1465; x_wconf 91' lang='lat' dir='ltr'>hec</span> <span class='ocrx_word' id='word_1_109' title='bbox 913 1412 1071 1481; x_wconf 86' lang='lat' dir='ltr'>quaestione</span> 
     </span>
     <span class='ocr_line' id='line_1_15' title="bbox 87 1487 1071 1557; baseline 0.001 -17"><span class='ocrx_word' id='word_1_110' title='bbox 87 1487 254 1556; x_wconf 84' lang='lat' dir='ltr'>praeiudicii</span> <span class='ocrx_word' id='word_1_111' title='bbox 275 1487 366 1555; x_wconf 91' lang='lat' dir='ltr'>potius</span> <span class='ocrx_word' id='word_1_112' title='bbox 388 1505 468 1557; x_wconf 88' lang='lat' dir='ltr'>quam</span> <span class='ocrx_word' id='word_1_113' title='bbox 482 1487 574 1541; x_wconf 84' lang='lat' dir='ltr'>iudicii</span> <span class='ocrx_word' id='word_1_114' title='bbox 589 1490 652 1542; x_wconf 91' lang='lat' dir='ltr'>loco</span> <span class='ocrx_word' id='word_1_115' title='bbox 667 1495 735 1542; x_wconf 91' lang='lat' dir='ltr'>esto.</span> <span class='ocrx_word' id='word_1_116' title='bbox 763 1488 897 1557; x_wconf 82' lang='lat' dir='ltr'>Quoniam</span> <span class='ocrx_word' id='word_1_117' title='bbox 912 1488 982 1542; x_wconf 89' lang='lat' dir='ltr'>euim</span> <span class='ocrx_word' id='word_1_118' title='bbox 996 1488 1071 1557; x_wconf 83' lang='lat' dir='ltr'>ipsos</span> 
     </span>
     <span class='ocr_line' id='line_1_16' title="bbox 89 1562 1071 1635; baseline 0 -18"><span class='ocrx_word' id='word_1_119' title='bbox 89 1581 189 1618; x_wconf 86' lang='lat' dir='ltr'>versus</span> <span class='ocrx_word' id='word_1_120' title='bbox 210 1562 351 1632; x_wconf 82' lang='lat' dir='ltr'>habemus,</span> <span class='ocrx_word' id='word_1_121' title='bbox 371 1564 399 1617; x_wconf 90' lang='lat' dir='ltr'>in</span> <span class='ocrx_word' id='word_1_122' title='bbox 420 1565 519 1634; x_wconf 87' lang='lat' dir='ltr'>quibus</span> <span class='ocrx_word' id='word_1_123' title='bbox 539 1569 615 1618; x_wconf 85' lang='lat' dir='ltr'>vates</span> <span class='ocrx_word' id='word_1_124' title='bbox 636 1564 670 1618; x_wconf 89' lang='lat' dir='ltr'>de</span> <span class='ocrx_word' id='word_1_125' title='bbox 693 1565 838 1635; x_wconf 86' lang='lat' dir='ltr'>scriptoria</span> <span class='ocrx_word' id='word_1_126' title='bbox 858 1571 916 1618; x_wconf 89' lang='lat' dir='ltr'>arte</span> <span class='ocrx_word' id='word_1_127' title='bbox 930 1572 978 1618; x_wconf 92' lang='lat' dir='ltr'>aut</span> <span class='ocrx_word' id='word_1_128' title='bbox 991 1565 1071 1618; x_wconf 87' lang='lat' dir='ltr'>silere</span> 
     </span>
     <span class='ocr_line' id='line_1_17' title="bbox 89 1639 1071 1712; baseline 0.001 -20"><span class='ocrx_word' id='word_1_129' title='bbox 89 1646 142 1694; x_wconf 87' lang='lat' dir='ltr'>aut</span> <span class='ocrx_word' id='word_1_130' title='bbox 161 1641 257 1694; x_wconf 90' lang='lat' dir='ltr'>testari</span> <span class='ocrx_word' id='word_1_131' title='bbox 276 1646 400 1709; x_wconf 87' lang='lat' dir='ltr'>putatur,</span> <span class='ocrx_word' id='word_1_132' title='bbox 421 1647 511 1694; x_wconf 89' lang='lat' dir='ltr'>utrum</span> <span class='ocrx_word' id='word_1_133' title='bbox 531 1657 625 1695; x_wconf 83' lang='lat' dir='ltr'>verum</span> <span class='ocrx_word' id='word_1_134' title='bbox 646 1641 695 1710; x_wconf 92' lang='lat' dir='ltr'>sit,</span> <span class='ocrx_word' id='word_1_135' title='bbox 718 1659 751 1696; x_wconf 90' lang='lat' dir='ltr'>ex</span> <span class='ocrx_word' id='word_1_136' title='bbox 771 1641 852 1696; x_wconf 89' lang='lat' dir='ltr'>certis</span> <span class='ocrx_word' id='word_1_137' title='bbox 874 1639 1071 1712; x_wconf 86' lang='lat' dir='ltr'>interpretandi</span> 
     </span>
     <span class='ocr_line' id='line_1_18' title="bbox 90 1716 582 1788; baseline 0.002 -19"><span class='ocrx_word' id='word_1_138' title='bbox 90 1716 201 1788; x_wconf 86' lang='lat' dir='ltr'>legibus</span> <span class='ocrx_word' id='word_1_139' title='bbox 222 1716 369 1772; x_wconf 85' lang='lat' dir='ltr'>diiudicare</span> <span class='ocrx_word' id='word_1_140' title='bbox 389 1723 511 1772; x_wconf 88' lang='lat' dir='ltr'>nostrum</span> <span class='ocrx_word' id='word_1_141' title='bbox 532 1723 582 1770; x_wconf 88' lang='lat' dir='ltr'>est.</span> 
     </span>
    </p>
   </div>
   <div class='ocr_carea' id='block_1_3' title="bbox 534 1927 641 2002">
    <p class='ocr_par' dir='ltr' id='par_1_3' title="bbox 534 1927 641 2002">
     <span class='ocr_line' id='line_1_19' title="bbox 534 1927 641 2002; baseline 0.019 -2"><span class='ocrx_word' id='word_1_142' title='bbox 534 1927 641 2002; x_wconf 90' lang='lat' dir='ltr'><strong>XIX.</strong></span> 
     </span>
    </p>
   </div>
   <div class='ocr_carea' id='block_1_4' title="bbox 90 2082 1076 2690">
    <p class='ocr_par' dir='ltr' id='par_1_4' title="bbox 90 2082 1076 2690">
     <span class='ocr_line' id='line_1_20' title="bbox 171 2082 1074 2156; baseline -0.001 -19"><span class='ocrx_word' id='word_1_143' title='bbox 171 2082 212 2138; x_wconf 88' lang='lat' dir='ltr'>At</span> <span class='ocrx_word' id='word_1_144' title='bbox 232 2089 380 2138; x_wconf 87' lang='lat' dir='ltr'>occurrunt</span> <span class='ocrx_word' id='word_1_145' title='bbox 400 2084 481 2139; x_wconf 90' lang='lat' dir='ltr'>nobis</span> <span class='ocrx_word' id='word_1_146' title='bbox 503 2085 633 2155; x_wconf 89' lang='lat' dir='ltr'>nonnulli,</span> <span class='ocrx_word' id='word_1_147' title='bbox 655 2085 782 2156; x_wconf 88' lang='lat' dir='ltr'>opposita</span> <span class='ocrx_word' id='word_1_148' title='bbox 801 2085 913 2155; x_wconf 87' lang='lat' dir='ltr'>ancipiti</span> <span class='ocrx_word' id='word_1_149' title='bbox 932 2084 960 2138; x_wconf 89' lang='lat' dir='ltr'>vi</span> <span class='ocrx_word' id='word_1_150' title='bbox 974 2083 1074 2138; x_wconf 88' lang='lat' dir='ltr'>silentii</span> 
     </span>
     <span class='ocr_line' id='line_1_21' title="bbox 90 2159 1073 2232; baseline 0 -18"><span class='ocrx_word' id='word_1_151' title='bbox 90 2164 120 2215; x_wconf 90' lang='lat' dir='ltr'>in</span> <span class='ocrx_word' id='word_1_152' title='bbox 146 2159 201 2214; x_wconf 90' lang='lat' dir='ltr'>hoo</span> <span class='ocrx_word' id='word_1_153' title='bbox 227 2160 357 2215; x_wconf 90' lang='lat' dir='ltr'>historico</span> <span class='ocrx_word' id='word_1_154' title='bbox 384 2177 492 2231; x_wconf 76' lang='lat' dir='ltr'>genere,</span> <span class='ocrx_word' id='word_1_155' title='bbox 539 2163 571 2215; x_wconf 93' lang='lat' dir='ltr'>In</span> <span class='ocrx_word' id='word_1_156' title='bbox 599 2180 653 2232; x_wconf 92' lang='lat' dir='ltr'>quo</span> <span class='ocrx_word' id='word_1_157' title='bbox 679 2163 723 2218; x_wconf 90' lang='lat' dir='ltr'>isti</span> <span class='ocrx_word' id='word_1_158' title='bbox 751 2179 815 2216; x_wconf 87' lang='lat' dir='ltr'>sane</span> <span class='ocrx_word' id='word_1_159' title='bbox 842 2163 935 2215; x_wconf 91' lang='lat' dir='ltr'>dicunt</span> <span class='ocrx_word' id='word_1_160' title='bbox 960 2161 1073 2230; x_wconf 87' lang='lat' dir='ltr'>aliquid,</span> 
     </span>
     <span class='ocr_line' id='line_1_22' title="bbox 92 2236 1073 2307; baseline -0.003 -15"><span class='ocrx_word' id='word_1_161' title='bbox 92 2236 143 2292; x_wconf 88' lang='lat' dir='ltr'>sed</span> <span class='ocrx_word' id='word_1_162' title='bbox 162 2254 217 2291; x_wconf 91' lang='lat' dir='ltr'>uon</span> <span class='ocrx_word' id='word_1_163' title='bbox 236 2242 359 2303; x_wconf 89' lang='lat' dir='ltr'>tantum,</span> <span class='ocrx_word' id='word_1_164' title='bbox 389 2244 519 2307; x_wconf 89' lang='lat' dir='ltr'>quantum</span> <span class='ocrx_word' id='word_1_165' title='bbox 544 2239 597 2293; x_wconf 89' lang='lat' dir='ltr'>sibi</span> <span class='ocrx_word' id='word_1_166' title='bbox 623 2240 750 2294; x_wconf 89' lang='lat' dir='ltr'>videntur</span> <span class='ocrx_word' id='word_1_167' title='bbox 776 2239 875 2293; x_wconf 88' lang='lat' dir='ltr'>dicere.</span> <span class='ocrx_word' id='word_1_168' title='bbox 920 2239 971 2291; x_wconf 88' lang='lat' dir='ltr'>Est</span> <span class='ocrx_word' id='word_1_169' title='bbox 1000 2236 1073 2289; x_wconf 86' lang='lat' dir='ltr'>haud</span> 
     </span>
     <span class='ocr_line' id='line_1_23' title="bbox 93 2313 1074 2384; baseline -0.002 -16"><span class='ocrx_word' id='word_1_170' title='bbox 93 2314 180 2368; x_wconf 90' lang='lat' dir='ltr'>dubie</span> <span class='ocrx_word' id='word_1_171' title='bbox 194 2313 330 2367; x_wconf 88' lang='lat' dir='ltr'>silentium</span> <span class='ocrx_word' id='word_1_172' title='bbox 347 2314 483 2383; x_wconf 87' lang='lat' dir='ltr'>quoddam</span> <span class='ocrx_word' id='word_1_173' title='bbox 501 2315 598 2368; x_wconf 90' lang='lat' dir='ltr'>nullius</span> <span class='ocrx_word' id='word_1_174' title='bbox 614 2317 741 2370; x_wconf 91' lang='lat' dir='ltr'>momenti</span> <span class='ocrx_word' id='word_1_175' title='bbox 756 2323 784 2370; x_wconf 93' lang='lat' dir='ltr'>et</span> <span class='ocrx_word' id='word_1_176' title='bbox 797 2316 823 2368; x_wconf 93' lang='lat' dir='ltr'>in</span> <span class='ocrx_word' id='word_1_177' title='bbox 836 2322 959 2369; x_wconf 84' lang='lat' dir='ltr'>neutram</span> <span class='ocrx_word' id='word_1_178' title='bbox 969 2321 1074 2384; x_wconf 85' lang='lat' dir='ltr'>partem</span> 
     </span>
     <span class='ocr_line' id='line_1_24' title="bbox 92 2390 1073 2462; baseline -0.003 -18"><span class='ocrx_word' id='word_1_179' title='bbox 92 2390 272 2459; x_wconf 81' lang='lat' dir='ltr'>trahendum3</span> <span class='ocrx_word' id='word_1_180' title='bbox 294 2397 390 2443; x_wconf 85' lang='lat' dir='ltr'>contra</span> <span class='ocrx_word' id='word_1_181' title='bbox 410 2391 484 2444; x_wconf 87' lang='lat' dir='ltr'>aliud</span> <span class='ocrx_word' id='word_1_182' title='bbox 500 2397 542 2446; x_wconf 83' lang='lat' dir='ltr'>est</span> <span class='ocrx_word' id='word_1_183' title='bbox 555 2399 679 2462; x_wconf 85' lang='lat' dir='ltr'>argutum</span> <span class='ocrx_word' id='word_1_184' title='bbox 696 2399 731 2459; x_wconf 91' lang='lat' dir='ltr'>et,</span> <span class='ocrx_word' id='word_1_185' title='bbox 753 2399 783 2446; x_wconf 91' lang='lat' dir='ltr'>ut</span> <span class='ocrx_word' id='word_1_186' title='bbox 797 2392 836 2446; x_wconf 80' lang='lat' dir='ltr'>ito</span> <span class='ocrx_word' id='word_1_187' title='bbox 850 2392 947 2458; x_wconf 88' lang='lat' dir='ltr'>dicam,</span> <span class='ocrx_word' id='word_1_188' title='bbox 968 2390 1073 2456; x_wconf 90' lang='lat' dir='ltr'>vocale,</span> 
     </span>
     <span class='ocr_line' id='line_1_25' title="bbox 92 2465 1075 2537; baseline -0.002 -17"><span class='ocrx_word' id='word_1_189' title='bbox 92 2467 169 2536; x_wconf 85' lang='lat' dir='ltr'>quod</span> <span class='ocrx_word' id='word_1_190' title='bbox 190 2467 213 2520; x_wconf 92' lang='lat' dir='ltr'>si</span> <span class='ocrx_word' id='word_1_191' title='bbox 233 2483 288 2520; x_wconf 92' lang='lat' dir='ltr'>non</span> <span class='ocrx_word' id='word_1_192' title='bbox 312 2473 481 2537; x_wconf 87' lang='lat' dir='ltr'>expugnatur</span> <span class='ocrx_word' id='word_1_193' title='bbox 503 2467 637 2522; x_wconf 89' lang='lat' dir='ltr'>diversum</span> <span class='ocrx_word' id='word_1_194' title='bbox 658 2469 817 2522; x_wconf 88' lang='lat' dir='ltr'>testantium</span> <span class='ocrx_word' id='word_1_195' title='bbox 837 2468 1009 2534; x_wconf 78' lang='lat' dir='ltr'>arroteritate,</span> <span class='ocrx_word' id='word_1_196' title='bbox 1030 2465 1075 2518; x_wconf 89' lang='lat' dir='ltr'>vel</span> 
     </span>
     <span class='ocr_line' id='line_1_26' title="bbox 93 2541 1075 2614; baseline -0.004 -17"><span class='ocrx_word' id='word_1_197' title='bbox 93 2561 143 2611; x_wconf 85' lang='lat' dir='ltr'>ea,</span> <span class='ocrx_word' id='word_1_198' title='bbox 170 2560 241 2612; x_wconf 89' lang='lat' dir='ltr'>quae</span> <span class='ocrx_word' id='word_1_199' title='bbox 264 2559 356 2596; x_wconf 90' lang='lat' dir='ltr'>omnes</span> <span class='ocrx_word' id='word_1_200' title='bbox 378 2543 495 2597; x_wconf 90' lang='lat' dir='ltr'>omnium</span> <span class='ocrx_word' id='word_1_201' title='bbox 517 2545 692 2598; x_wconf 88' lang='lat' dir='ltr'>auctoritates</span> <span class='ocrx_word' id='word_1_202' title='bbox 715 2545 831 2614; x_wconf 83' lang='lat' dir='ltr'>frangit,</span> <span class='ocrx_word' id='word_1_203' title='bbox 857 2544 976 2610; x_wconf 86' lang='lat' dir='ltr'>ratione,</span> <span class='ocrx_word' id='word_1_204' title='bbox 1002 2541 1075 2611; x_wconf 83' lang='lat' dir='ltr'>apud</span> 
     </span>
     <span class='ocr_line' id='line_1_27' title="bbox 93 2617 1076 2690; baseline -0.003 -18"><span class='ocrx_word' id='word_1_205' title='bbox 93 2619 334 2690; x_wconf 90' lang='lat' dir='ltr'>prudentissimum</span> <span class='ocrx_word' id='word_1_206' title='bbox 361 2636 497 2689; x_wconf 89' lang='lat' dir='ltr'>quemque</span> <span class='ocrx_word' id='word_1_207' title='bbox 524 2637 631 2690; x_wconf 85' lang='lat' dir='ltr'>semper</span> <span class='ocrx_word' id='word_1_208' title='bbox 656 2622 801 2690; x_wconf 90' lang='lat' dir='ltr'>plurimum</span> <span class='ocrx_word' id='word_1_209' title='bbox 828 2620 923 2675; x_wconf 87' lang='lat' dir='ltr'>valuit.</span> <span class='ocrx_word' id='word_1_210' title='bbox 968 2619 1026 2672; x_wconf 91' lang='lat' dir='ltr'>Iam</span> <span class='ocrx_word' id='word_1_211' title='bbox 1052 2617 1076 2670; x_wconf 91' lang='lat' dir='ltr'>si</span> 
     </span>
    </p>
   </div>
   <div class='ocr_carea' id='block_1_5' title="bbox 92 2794 1077 3324">
    <p class='ocr_par' dir='ltr' id='par_1_5' title="bbox 92 2794 1077 3324">
     <span class='ocr_line' id='line_1_28' title="bbox 92 2794 1074 2880; baseline -0.001 -34"><span class='ocrx_word' id='word_1_212' title='bbox 92 2795 191 2859; x_wconf 83' lang='grc' dir='ltr'><em>μάτων</em></span> <span class='ocrx_word' id='word_1_213' title='bbox 211 2794 329 2880; x_wconf 53' lang='grc' dir='ltr'><em>ὕστερον</em></span> <span class='ocrx_word' id='word_1_214' title='bbox 349 2795 522 2861; x_wconf 68' lang='grc' dir='ltr'><em>συντεθῆναι,</em></span> <span class='ocrx_word' id='word_1_215' title='bbox 541 2795 587 2845; x_wconf 79' lang='grc' dir='ltr'><strong><em>καῖ</em></strong></span> <span class='ocrx_word' id='word_1_216' title='bbox 604 2794 647 2846; x_wconf 77' lang='grc' dir='ltr'>διὰ</span> <span class='ocrx_word' id='word_1_217' title='bbox 660 2798 742 2847; x_wconf 80' lang='grc' dir='ltr'><em>τοῦτο</em></span> <span class='ocrx_word' id='word_1_218' title='bbox 755 2794 855 2854; x_wconf 78' lang='grc' dir='ltr'><em>πολλὰς</em></span> <span class='ocrx_word' id='word_1_219' title='bbox 865 2795 893 2845; x_wconf 83' lang='grc' dir='ltr'>ἐν</span> <span class='ocrx_word' id='word_1_220' title='bbox 914 2795 983 2865; x_wconf 71' lang='grc' dir='ltr'>οὐτῃι</span> <span class='ocrx_word' id='word_1_221' title='bbox 999 2797 1074 2876; x_wconf 72' lang='grc' dir='ltr'><em>σχεῖν</em></span> 
     </span>
     <span class='ocr_line' id='line_1_29' title="bbox 94 2864 1075 2931; baseline 0 -16"><span class='ocrx_word' id='word_1_222' title='bbox 94 2865 149 2923; x_wconf 87' lang='grc' dir='ltr'>τὰς</span> <span class='ocrx_word' id='word_1_223' title='bbox 165 2865 324 2931; x_wconf 63' lang='lat' dir='ltr'>donnoniae.</span> <span class='ocrx_word' id='word_1_224' title='bbox 352 2865 472 2914; x_wconf 75' lang='lat' dir='ltr'>Tirenum</span> <span class='ocrx_word' id='word_1_225' title='bbox 491 2864 570 2930; x_wconf 85' lang='lat' dir='ltr'>gratia</span> <span class='ocrx_word' id='word_1_226' title='bbox 589 2881 644 2914; x_wconf 90' lang='lat' dir='ltr'>cum</span> <span class='ocrx_word' id='word_1_227' title='bbox 659 2865 775 2916; x_wconf 82' lang='lat' dir='ltr'>Mariano</span> <span class='ocrx_word' id='word_1_228' title='bbox 789 2865 927 2916; x_wconf 87' lang='lat' dir='ltr'>notandum</span> <span class='ocrx_word' id='word_1_229' title='bbox 947 2873 993 2922; x_wconf 86' lang='lat' dir='ltr'>est,</span> <span class='ocrx_word' id='word_1_230' title='bbox 1011 2865 1075 2915; x_wconf 79' lang='lat' dir='ltr'>allud</span> 
     </span>
     <span class='ocr_line' id='line_1_30' title="bbox 95 2930 1076 3000; baseline 0 -18"><span class='ocrx_word' id='word_1_231' title='bbox 95 2930 180 3000; x_wconf 75' lang='grc' dir='ltr'><em>φασὶν</em></span> <span class='ocrx_word' id='word_1_232' title='bbox 201 2935 325 2984; x_wconf 86' lang='lat' dir='ltr'>derebus</span> <span class='ocrx_word' id='word_1_233' title='bbox 343 2933 382 2982; x_wconf 86' lang='lat' dir='ltr'>vel</span> <span class='ocrx_word' id='word_1_234' title='bbox 402 2933 549 2983; x_wconf 77' lang='lat' dir='ltr'>certissimis</span> <span class='ocrx_word' id='word_1_235' title='bbox 567 2935 683 2998; x_wconf 86' lang='lat' dir='ltr'>usurpari</span> <span class='ocrx_word' id='word_1_236' title='bbox 702 2935 728 2982; x_wconf 91' lang='lat' dir='ltr'>in</span> <span class='ocrx_word' id='word_1_237' title='bbox 744 2933 825 2995; x_wconf 84' lang='lat' dir='ltr'>samu</span> <span class='ocrx_word' id='word_1_238' title='bbox 842 2932 942 2982; x_wconf 83' lang='lat' dir='ltr'>minime</span> <span class='ocrx_word' id='word_1_239' title='bbox 960 2933 1076 2993; x_wconf 82' lang='lat' dir='ltr'>obseura,</span> 
     </span>
     <span class='ocr_line' id='line_1_31' title="bbox 95 2999 1077 3067; baseline 0 -15"><span class='ocrx_word' id='word_1_240' title='bbox 95 3018 148 3052; x_wconf 88' lang='lat' dir='ltr'>non</span> <span class='ocrx_word' id='word_1_241' title='bbox 168 3001 200 3052; x_wconf 89' lang='lat' dir='ltr'>de</span> <span class='ocrx_word' id='word_1_242' title='bbox 218 3003 258 3054; x_wconf 82' lang='lat' dir='ltr'>iis.</span> <span class='ocrx_word' id='word_1_243' title='bbox 277 3017 343 3067; x_wconf 87' lang='lat' dir='ltr'>quae</span> <span class='ocrx_word' id='word_1_244' title='bbox 361 3017 377 3049; x_wconf 93' lang='lat' dir='ltr'>a</span> <span class='ocrx_word' id='word_1_245' title='bbox 394 2999 525 3049; x_wconf 85' lang='lat' dir='ltr'>nonnullis</span> <span class='ocrx_word' id='word_1_246' title='bbox 538 3003 594 3050; x_wconf 84' lang='lat' dir='ltr'>sive</span> <span class='ocrx_word' id='word_1_247' title='bbox 606 3003 695 3064; x_wconf 88' lang='lat' dir='ltr'>paucis</span> <span class='ocrx_word' id='word_1_248' title='bbox 709 3000 849 3051; x_wconf 88' lang='lat' dir='ltr'>traduntur.</span> <span class='ocrx_word' id='word_1_249' title='bbox 875 3001 914 3050; x_wconf 91' lang='lat' dir='ltr'>De</span> <span class='ocrx_word' id='word_1_250' title='bbox 927 3001 966 3050; x_wconf 90' lang='lat' dir='ltr'>bis</span> <span class='ocrx_word' id='word_1_251' title='bbox 980 3001 1077 3052; x_wconf 83' lang='lat' dir='ltr'>Graece</span> 
     </span>
     <span class='ocr_line' id='line_1_32' title="bbox 95 3066 1075 3134; baseline -0.004 -14"><span class='ocrx_word' id='word_1_252' title='bbox 95 3077 137 3120; x_wconf 89' lang='lat' dir='ltr'>est</span> <span class='ocrx_word' id='word_1_253' title='bbox 149 3066 232 3134; x_wconf 83' lang='grc' dir='ltr'><em>φασὶν</em></span> <span class='ocrx_word' id='word_1_254' title='bbox 246 3066 318 3132; x_wconf 80' lang='grc' dir='ltr'><em>ἔνιοι,</em></span> <span class='ocrx_word' id='word_1_255' title='bbox 332 3068 402 3133; x_wconf 86' lang='grc' dir='ltr'><em>φασί</em></span> <span class='ocrx_word' id='word_1_256' title='bbox 411 3083 496 3124; x_wconf 84' lang='grc' dir='ltr'><em>τινες.</em></span> <span class='ocrx_word' id='word_1_257' title='bbox 524 3069 619 3118; x_wconf 85' lang='lat' dir='ltr'>Eadem</span> <span class='ocrx_word' id='word_1_258' title='bbox 633 3069 695 3119; x_wconf 90' lang='lat' dir='ltr'>ratio</span> <span class='ocrx_word' id='word_1_259' title='bbox 713 3077 751 3118; x_wconf 89' lang='lat' dir='ltr'>est</span> <span class='ocrx_word' id='word_1_260' title='bbox 762 3070 821 3119; x_wconf 83' lang='lat' dir='ltr'>Lat.</span> <span class='ocrx_word' id='word_1_261' title='bbox 834 3069 965 3119; x_wconf 82' lang='lat' dir='ltr'>verborum</span> <span class='ocrx_word' id='word_1_262' title='bbox 979 3067 1075 3132; x_wconf 84' lang='lat' dir='ltr'>dicunt,</span> 
     </span>
     <span class='ocr_line' id='line_1_33' title="bbox 95 3135 1075 3202; baseline -0.004 -12"><span class='ocrx_word' id='word_1_263' title='bbox 95 3138 194 3198; x_wconf 75' lang='lat' dir='ltr'>serunt,</span> <span class='ocrx_word' id='word_1_264' title='bbox 213 3137 328 3198; x_wconf 83' lang='lat' dir='ltr'>tradunt,</span> <span class='ocrx_word' id='word_1_265' title='bbox 346 3135 485 3198; x_wconf 79' lang='lat' dir='ltr'>perhibent.</span> <span class='ocrx_word' id='word_1_266' title='bbox 521 3135 612 3200; x_wconf 89' lang='lat' dir='ltr'>Neque</span> <span class='ocrx_word' id='word_1_267' title='bbox 636 3153 693 3186; x_wconf 84' lang='lat' dir='ltr'>rero</span> <span class='ocrx_word' id='word_1_268' title='bbox 718 3153 763 3202; x_wconf 90' lang='lat' dir='ltr'>per</span> <span class='ocrx_word' id='word_1_269' title='bbox 782 3153 809 3187; x_wconf 86' lang='lat' dir='ltr'>se</span> <span class='ocrx_word' id='word_1_270' title='bbox 826 3137 874 3187; x_wconf 91' lang='lat' dir='ltr'>hoe</span> <span class='ocrx_word' id='word_1_271' title='bbox 892 3137 999 3186; x_wconf 89' lang='lat' dir='ltr'>multum</span> <span class='ocrx_word' id='word_1_272' title='bbox 1017 3153 1075 3202; x_wconf 90' lang='lat' dir='ltr'>pro·</span> 
     </span>
     <span class='ocr_line' id='line_1_34' title="bbox 94 3203 1076 3270; baseline -0.002 -16"><span class='ocrx_word' id='word_1_273' title='bbox 94 3206 161 3255; x_wconf 79' lang='lat' dir='ltr'>ficit</span> <span class='ocrx_word' id='word_1_274' title='bbox 198 3205 280 3266; x_wconf 77' lang='lat' dir='ltr'>Quam</span> <span class='ocrx_word' id='word_1_275' title='bbox 299 3203 378 3254; x_wconf 88' lang='lat' dir='ltr'>multe</span> <span class='ocrx_word' id='word_1_276' title='bbox 395 3203 512 3270; x_wconf 89' lang='lat' dir='ltr'>perhibet</span> <span class='ocrx_word' id='word_1_277' title='bbox 530 3203 605 3262; x_wconf 79' lang='lat' dir='ltr'>sama,</span> <span class='ocrx_word' id='word_1_278' title='bbox 624 3220 730 3269; x_wconf 89' lang='lat' dir='ltr'>quorum</span> <span class='ocrx_word' id='word_1_279' title='bbox 750 3204 888 3255; x_wconf 88' lang='lat' dir='ltr'>salsitatem</span> <span class='ocrx_word' id='word_1_280' title='bbox 901 3205 962 3254; x_wconf 90' lang='lat' dir='ltr'>ratio</span> <span class='ocrx_word' id='word_1_281' title='bbox 981 3212 1006 3254; x_wconf 88' lang='lat' dir='ltr'>ot</span> <span class='ocrx_word' id='word_1_282' title='bbox 1024 3212 1076 3253; x_wconf 85' lang='lat' dir='ltr'>tres</span> 
     </span>
     <span class='ocr_line' id='line_1_35' title="bbox 95 3272 315 3324; baseline -0.014 0"><span class='ocrx_word' id='word_1_283' title='bbox 95 3280 175 3324; x_wconf 83' lang='lat' dir='ltr'>testes</span> <span class='ocrx_word' id='word_1_284' title='bbox 194 3272 315 3324; x_wconf 89' lang='lat' dir='ltr'>doceant!</span> 
     </span>
    </p>
   </div>
   <div class='ocr_carea' id='block_1_6' title="bbox 95 3355 1076 3630">
    <p class='ocr_par' dir='ltr' id='par_1_6' title="bbox 95 3355 1076 3630">
     <span class='ocr_line' id='line_1_36' title="bbox 169 3355 1076 3424; baseline 0.003 -18"><span class='ocrx_word' id='word_1_285' title='bbox 169 3356 203 3417; x_wconf 76' lang='lat'>³⁰)</span> <span class='ocrx_word' id='word_1_286' title='bbox 221 3355 263 3407; x_wconf 82' lang='lat' dir='ltr'>Ae</span> <span class='ocrx_word' id='word_1_287' title='bbox 287 3356 391 3424; x_wconf 82' lang='lat' dir='ltr'>Dionys.</span> <span class='ocrx_word' id='word_1_288' title='bbox 416 3357 523 3408; x_wconf 76' lang='lat' dir='ltr'>Thracia</span> <span class='ocrx_word' id='word_1_289' title='bbox 549 3357 660 3410; x_wconf 84' lang='lat' dir='ltr'>Gramm.</span> <span class='ocrx_word' id='word_1_290' title='bbox 685 3375 726 3424; x_wconf 92' lang='lat' dir='ltr'>ap.</span> <span class='ocrx_word' id='word_1_291' title='bbox 746 3358 845 3409; x_wconf 90' lang='lat' dir='ltr'>Villois.</span> <span class='ocrx_word' id='word_1_292' title='bbox 866 3357 963 3408; x_wconf 83' lang='lat' dir='ltr'>Aneod.</span> <span class='ocrx_word' id='word_1_293' title='bbox 982 3357 1027 3407; x_wconf 85' lang='lat' dir='ltr'>Gr.</span> <span class='ocrx_word' id='word_1_294' title='bbox 1045 3356 1076 3410; x_wconf 72' lang='grc' dir='ltr'>Τ.</span> 
     </span>
     <span class='ocr_line' id='line_1_37' title="bbox 95 3418 1076 3492; baseline 0.001 -18"><span class='ocrx_word' id='word_1_295' title='bbox 95 3423 129 3475; x_wconf 90' lang='grc' dir='ltr'>Π.</span> <span class='ocrx_word' id='word_1_296' title='bbox 155 3441 182 3490; x_wconf 90' lang='lat' dir='ltr'>p.</span> <span class='ocrx_word' id='word_1_297' title='bbox 208 3425 267 3478; x_wconf 73' lang='lat'>182.</span> <span class='ocrx_word' id='word_1_298' title='bbox 304 3418 348 3475; x_wconf 81' lang='grc' dir='ltr'>Ἦν</span> <span class='ocrx_word' id='word_1_299' title='bbox 372 3423 437 3492; x_wconf 76' lang='grc' dir='ltr'><strong><em>γὰρ,</em></strong></span> <span class='ocrx_word' id='word_1_300' title='bbox 461 3421 500 3482; x_wconf 76' lang='grc' dir='ltr'>ὥς</span> <span class='ocrx_word' id='word_1_301' title='bbox 524 3442 621 3491; x_wconf 83' lang='grc' dir='ltr'><em>φασιν,</em></span> <span class='ocrx_word' id='word_1_302' title='bbox 648 3423 805 3488; x_wconf 80' lang='grc' dir='ltr'><em>ἀπολόμενα</em></span> <span class='ocrx_word' id='word_1_303' title='bbox 831 3423 865 3474; x_wconf 88' lang='grc' dir='ltr'>τὰ</span> <span class='ocrx_word' id='word_1_304' title='bbox 887 3427 937 3474; x_wconf 84' lang='grc' dir='ltr'>τοῦ</span> <span class='ocrx_word' id='word_1_305' title='bbox 952 3421 1076 3492; x_wconf 78' lang='grc' dir='ltr'><em>Ὁμήρου·</em></span> 
     </span>
     <span class='ocr_line' id='line_1_38' title="bbox 96 3489 1076 3610; baseline 0.001 -67"><span class='ocrx_word' id='word_1_306' title='bbox 96 3489 453 3610; x_wconf 51' lang='grc' dir='ltr'><em>τότεγὰρούξραφῇ</em></span> <span class='ocrx_word' id='word_1_307' title='bbox 481 3492 733 3561; x_wconf 74' lang='grc' dir='ltr'><em>παρεδίδοντο,</em></span> <span class='ocrx_word' id='word_1_308' title='bbox 763 3491 847 3543; x_wconf 80' lang='grc' dir='ltr'><em>ἀλλὰ</em></span> <span class='ocrx_word' id='word_1_309' title='bbox 876 3491 965 3562; x_wconf 62' lang='grc' dir='ltr'><em>μόνῃ</em></span> <span class='ocrx_word' id='word_1_310' title='bbox 992 3492 1076 3544; x_wconf 80' lang='grc' dir='ltr'><em>διδα-</em></span> 
     </span>
     <span class='ocr_line' id='line_1_39' title="bbox 95 3557 904 3630; baseline 0.004 -21"><span class='ocrx_word' id='word_1_311' title='bbox 95 3557 236 3628; x_wconf 79' lang='grc' dir='ltr'><strong><em>σκαλίᾳ,</em></strong></span> <span class='ocrx_word' id='word_1_312' title='bbox 257 3560 305 3618; x_wconf 82' lang='grc' dir='ltr'>ὡς</span> <span class='ocrx_word' id='word_1_313' title='bbox 346 3579 359 3611; x_wconf 89' lang='grc' dir='ltr'><em>ν</em></span> <span class='ocrx_word' id='word_1_314' title='bbox 378 3577 526 3630; x_wconf 77' lang='grc' dir='ltr'><em>μνημονι</em></span> <span class='ocrx_word' id='word_1_315' title='bbox 544 3561 778 3628; x_wconf 80' lang='grc' dir='ltr'><em>φυλάττοιντο</em></span> <span class='ocrx_word' id='word_1_316' title='bbox 797 3578 819 3612; x_wconf 82' lang='grc' dir='ltr'>κ.</span> <span class='ocrx_word' id='word_1_317' title='bbox 839 3577 862 3612; x_wconf 90' lang='grc' dir='ltr'>τ.</span> <span class='ocrx_word' id='word_1_318' title='bbox 881 3559 904 3612; x_wconf 81' lang='grc' dir='ltr'>λ.</span> 
     </span>
    </p>
   </div>
   <div class='ocr_carea' id='block_1_7' title="bbox 0 0 1372 4124">
    <p class='ocr_par' dir='ltr' id='par_1_7' title="bbox 0 0 1372 4124">
     <span class='ocr_line' id='line_1_40' title="bbox 0 0 1372 4124; baseline 0 0"><span class='ocrx_word' id='word_1_319' title='bbox 0 0 1372 4124; x_wconf 95' lang='lat' dir='ltr'> </span> 
     </span>
    </p>
   </div>
  </div>
 </body>
</html>
