2702 4124
495 336 686 388 ...65-

102 494 181 548 elare
201 492 320 561 tradunt,
341 495 506 565 compositos
527 509 544 547 a
563 491 706 563 rhapsodis
728 510 786 549 esse
808 495 948 566 Hymuos,
980 494 1079 566 quibus

106 571 224 624 sollenni
244 571 396 625 recitationi
416 571 622 624 Homericorum
643 577 670 624 et
691 571 804 625 aliorum
826 569 980 627 carminum
1002 587 1078 643 prae-

107 646 242 701 luderent.
286 645 384 716 Itaqne
414 648 564 718 posteriore
594 646 620 699 in
651 648 743 717 primis
773 655 885 703 auctore
916 649 1001 703 fretus
1026 650 1080 704 iam

107 723 176 777 olim
189 722 394 778 Hemsterhusio
409 725 477 779 duce
491 723 603 791 conieci,
625 740 657 777 ex
677 725 779 779 talibus
799 725 944 794 prooemiis
964 731 991 779 et
1009 725 1080 797 frag-

104 799 206 853 mentis
235 799 435 870 prooemiorum
466 799 536 854 banc
566 807 687 854 nostram
717 801 880 872 farraginem
910 802 1080 871 Hymnorutn

106 875 253 931 conflatam
274 892 341 942 esse,
361 877 455 931 addita
476 893 573 942 causa,
600 894 654 930 non
679 876 852 948 improbabili
877 878 1006 946 fortasse,
1033 895 1082 934 cur

106 954 156 1007 illa
176 952 274 1006 sensim
295 969 357 1006 curn
377 953 528 1006 Homericis
548 951 719 1008 Carminibus
741 954 854 1008 confusa
873 953 979 1022 sinum).
1006 954 1082 1010 Nihil

22 1033 27 1038 '
108 1030 191 1095 enim,
216 1035 247 1083 ut
273 1031 383 1098 opinor,
414 1030 534 1084 interfuit
565 1029 731 1084 theatrorum
755 1031 883 1098 istorum,
914 1031 1082 1100 exploratum

107 1106 225 1174 habere,
251 1106 294 1160 cui
318 1106 438 1176 quidque
463 1106 605 1172 deberent,
636 1106 710 1175 quod
736 1107 831 1160 auditu
858 1107 967 1177 dignum
995 1113 1082 1163 esset:

107 1181 356 1236 Alexandrinorum
382 1189 473 1237 autem
498 1189 635 1252 ternpore,
666 1200 781 1253 quorum
811 1185 926 1238 maxime
950 1183 1082 1250 interfuit,

107 1258 178 1312 nihil
204 1258 311 1312 videtur
335 1258 499 1329 superfuisse
524 1260 577 1313 nisi
602 1259 677 1313 varia
697 1265 725 1313 et
745 1262 862 1315 obscura
882 1259 966 1326 fama,
993 1266 1024 1314 ut
1048 1259 1082 1315 de

105 1343 153 1404 tot
183 1335 241 1388 aliis
266 1331 434 1396 ἀδεσπότοις,
463 1352 577 1406 quorum
608 1336 706 1407 partim
730 1336 783 1390 iam
813 1337 884 1407 apud
911 1336 1083 1391 Herodotum

106 1413 211 1466 mentio
231 1412 270 1468 fit.

189 1489 313 1558 Denique
344 1488 377 1543 de
408 1490 537 1543 sollennis
562 1490 703 1558 iustaeque
730 1489 895 1544 recitationis
926 1491 1031 1546 ratione
1055 1491 1083 1545 in

110 1563 228 1637 publicis
254 1566 434 1620 conventibus
462 1571 489 1619 et
515 1566 705 1619 certaminibus
724 1566 888 1635 paucissima
907 1574 982 1633 sunt,
1013 1583 1083 1637 quae

108 1649 186 1696 certa
216 1659 304 1696 rerum
334 1642 388 1696 fide
419 1641 567 1697 tradentem
621 1643 712 1697 Unum
744 1643 813 1697 inter
844 1660 937 1698 omnes
968 1649 1084 1704 constat.

111 1729 258 1787 utrumque
280 1735 345 1788 epos
361 1719 473 1773 Homeri
493 1719 598 1772 nonnisi
617 1719 799 1788 particulatim
820 1737 850 1772 ae
866 1719 973 1774 diverso
990 1721 1084 1775 ordine

109 1797 287 1849 decantatum
300 1812 368 1862 esse,
390 1803 417 1850 et
437 1796 586 1865 particulae
610 1797 707 1865 cuique
727 1796 812 1864 vulgo
833 1797 971 1864 proprium
986 1812 1084 1851 nomen

109 1870 249 1941 fuisse⁸⁰).
288 1873 330 1925 Ea
349 1873 458 1926 nomina
479 1878 583 1926 exstant
603 1879 660 1926 tum
685 1870 756 1939 apud
777 1869 921 1925 Aelianum
941 1879 968 1926 et
987 1872 1084 1927 Eusta-

109 1949 199 2002 tbium
219 1948 246 2001 in
266 1948 403 2018 principiis
425 1949 644 2018 rhapsodiam,
672 1956 728 2001 tum
754 1948 825 2016 apud
852 1948 920 2001 alios
940 1949 1086 2019 scriptores

113 2042 195 2094 quam
223 2025 368 2094 plurimos,
390 2026 437 2096 qui
457 2025 557 2094 passim
578 2025 723 2079 Homerica
744 2025 804 2078 loca
824 2024 858 2077 ad
879 2025 955 2078 illum
976 2025 1086 2080 modum

113 2102 240 2155 excitant.
286 2101 339 2155 Sed
367 2119 414 2157 eae
439 2109 530 2171 partes
558 2103 593 2155 ab
620 2102 694 2155 initio
721 2100 777 2154 fere
804 2101 941 2172 longiores
967 2101 1085 2171 fuerunt,

112 2195 210 2248 neque,
232 2183 262 2231 ut
275 2195 308 2232 ex
321 2178 468 2233 Eustathio
491 2178 612 2248 colligas,
634 2196 695 2232 cum
711 2177 888 2232 Aristarcbea
904 2179 1086 2248 descriptione

109 2256 243 2308 librorum
265 2263 452 2325 congruentes.
493 2255 536 2308 lta
553 2250 665 2304 Ἀλκίνου
684 2249 819 2317 ἀπόλογος
837 2254 881 2308 IV
901 2256 945 2310 vel
960 2255 986 2308 V
1001 2256 1086 2310 libros

112 2331 256 2400 Odysseae
270 2331 561 2402 complectebatur⁸1);
583 2333 657 2403 quod
678 2348 790 2402 pensum
807 2331 834 2384 in
848 2349 902 2386 una
916 2332 1087 2386 sollennitate

112 2512 215 2562 factum.
251 2509 408 2576 Comparatio
427 2508 506 2569 illius,
525 2509 562 2559 uti
580 2508 698 2576 Lyricum
717 2508 836 2564 decebat,
854 2507 932 2557 dueta
951 2515 990 2557 est
1008 2523 1022 2556 a
1040 2523 1086 2573 ge-

112 2597 173 2630 uere
198 2581 309 2629 maxime
338 2577 444 2636 illustri,
469 2577 484 2624 i.
504 2594 526 2626 e.
550 2594 565 2626 a
586 2593 655 2627 more
678 2577 897 2626 celeberrimorum
922 2577 1043 2625 festorum
1063 2583 1089 2626 et

112 2644 501 2767 ii⁹l⁷ib⁵w⁹n1⁰ldl⁰mtl²
518 2643 641 2726 ΜΨ
660 2639 1088 2763 bffttft⁰ttttflut⁹

113 2731 355 2842 nodereHdddaud,
372 2729 453 2832 vocal)
463 2730 653 2847 πὲῗοῗίιιοοινε
669 2728 919 2845 ’rinllwlvocrpquo
941 2780 1040 2830 nomine
1063 2729 1089 2831 er:

61 2861 67 2878 t
112 2853 157 2902 alii
178 2851 292 2917 plerique
310 2857 414 2901 utuntur
432 2849 463 2899 de
480 2848 596 2914 Hymnis.
627 2849 729 2915 Quippe
748 2847 898 2898 vocabulum
916 2844 1002 2909 ὕμνος
1013 2847 1088 2898 latius

115 2928 193 2984 patet,
213 2929 238 2969 et
256 2935 332 2984 saepe
349 2935 423 2969 omne
440 2933 521 2983 genus
539 2915 610 2966 ἐπῶν
623 2918 805 2982 complectitur.
833 2916 906 2966 Unde
923 2916 988 2967 illud
1000 2918 1026 2967 iu
1037 2915 1089 2968 fine

112 2989 189 3038 trium
208 2987 374 3056 Hymnorum‚
392 2985 553 3036 manifestum
571 2986 644 3036 istius
663 2987 739 3036 moris
758 2986 909 3050 vestigium:

184 3049 239 3105 Σεῦ
258 3054 282 3104 d’
301 3053 355 3121 ἐγὼ
374 3051 531 3121 ἀρξάμενος
547 3050 738 3120 μεταβήσομαι
756 3047 834 3101 ἄλλον
848 3050 878 3109 ἐς
895 3049 986 3114 ὕμνον.

182 3141 218 3205 ⁷⁹)
236 3141 274 3190 Ad
293 3140 399 3191 Hesiodi
418 3139 512 3204 Theog.
534 3157 560 3204 p.
579 3141 619 3193 60.
638 3139 711 3188 conf.
729 3136 868 3196 Mitscherl.
886 3135 919 3186 ad
936 3135 969 3188 H.
986 3137 1013 3185 in
1031 3133 1086 3186 Cor.

117 3229 139 3276 p.
154 3212 212 3264 101.
230 3217 257 3259 et
267 3208 403 3260 Groddeck
421 3207 560 3258 Comment.
578 3207 610 3257 de
621 3205 780 3272 Hymnorum
792 3204 866 3257 Hom.
879 3203 994 3269 reliquiis
1011 3219 1037 3269 p.
1047 3202 1088 3254 21.

183 3293 217 3361 θ’)
244 3293 327 3344 Instar
354 3293 467 3344 omnium
493 3293 567 3343 nobis
595 3300 633 3342 est
658 3292 796 3342 auctoritas
827 3292 920 3340 veteris
951 3286 1089 3353 scriptoris,

121 3379 194 3429 quem
212 3364 336 3428 excerpsit
352 3363 453 3414 Aelian.
472 3361 503 3412 V.
522 3359 555 3412 Η,
574 3359 646 3420 Xlll,
666 3362 707 3414 14.

186 3445 220 3512 ⁸¹)
240 3446 312 3500 Gonf.
336 3455 403 3498 reete
423 3454 567 3497 monentem
592 3444 760 3510 Twiningium
783 3443 812 3493 in
830 3441 903 3491 Notis
926 3439 960 3490 ad
984 3439 1090 3493 Aristot.

119 3516 190 3567 Poet.
209 3534 234 3582 p.
253 3515 312 3570 365.
342 3515 416 3566 Addo
435 3514 594 3565 simillimum
612 3514 754 3579 exemplum
771 3528 814 3576 ap.
830 3506 950 3559 Herodot
969 3507 1002 3570 11,
1023 3508 1089 3570 116„

122 3584 163 3635 ubi
178 3584 210 3636 Il.
222 3581 244 3641 C·
258 3585 314 3638 289.
327 3601 383 3651 sqq.
397 3583 533 3635 laudantur
551 3599 581 3633 ex
598 3579 749 3650 Διομήδους
766 3573 900 3647 ἀριστείᾳ,
919 3592 969 3700 (puo
987 3575 1091 3628 uomina
