2702 4124
632 320 820 373 ..34-

240 478 348 549 longius
376 479 472 534 abesse
498 477 643 534 concedes.
687 478 750 534 Non
776 482 869 532 movet
894 493 951 545 ms,
976 475 1051 547 quod
1072 475 1138 531 nihil
1157 481 1218 530 tam

241 555 384 625 antiquum
406 560 503 624 exstet,
525 556 601 609 cuius
622 555 795 609 contentione
814 569 858 608 res
879 553 1105 623 deprehendatur.
1147 553 1218 622 Quis

243 631 323 700 enim,
344 631 460 702 primum
484 632 580 687 videus
611 631 734 686 adultum
754 631 889 684 bominem
911 635 938 685 et
956 630 1063 700 integra
1082 630 1218 700 magnitu—

244 707 315 773 dine,
337 708 441 764 discere
462 709 554 778 cupiat
576 726 609 764 ex
629 709 704 778 ipso,
732 708 807 778 quali
827 724 953 761 mensura
971 707 1063 774 fuerit,
1085 723 1170 776 quum
1191 705 1219 760 in

242 785 383 855 cunabulis
398 785 489 840 esset?
504 785 640 855 Quocirca
654 790 758 838 tautum
773 784 861 850 abest,
876 791 907 837 ut
921 801 981 837 cum
991 784 1016 839 I.
1029 782 1064 838 G.
1075 781 1219 851 Vossio¹⁹)

242 861 340 915 ceteris
354 862 533 931 scriptoribus
549 861 714 916 oblivionem
728 867 775 915 aut
790 860 971 930 ignorantiam
991 859 1127 928 obiiciam,
1143 858 1220 929 quod

242 937 311 991 haec
332 945 389 993 tam
408 939 525 1008 insignia
549 945 722 993 monumenta
745 938 894 1007 scripturae
915 937 1080 990 transierunt
1099 935 1220 1000 silentio,

242 1020 274 1067 ut
293 1014 422 1069 etiamen
442 1015 494 1067 hoc
514 1015 574 1084 ipso
595 1014 771 1068 dubitandum
792 1019 894 1084 putem,
915 1031 950 1067 an
970 1012 1128 1067 Herodotus
1148 1011 1221 1065 illud

244 1090 374 1145 iudicium
397 1108 476 1144 suum
502 1090 609 1144 Criticis
637 1106 702 1144 suae
726 1090 843 1145 nationis
868 1089 1036 1158 probaverit.
1086 1089 1221 1156 Idemque

245 1167 279 1221 de
300 1167 412 1238 reliquis
432 1167 669 1236 inscriptionibus,
697 1184 765 1236 quas
792 1165 913 1220 nonnulli
939 1183 973 1220 ex
998 1165 1095 1220 eodem
1114 1164 1221 1234 templo

244 1241 410 1313 produut20),
432 1243 604 1297 statuendum
624 1261 683 1298 esse
704 1243 830 1297 arbitror.

321 1319 411 1389 Igitur
434 1319 487 1372 hoc
525 1337 607 1374 unum
638 1319 746 1374 videtur
778 1325 850 1373 recte
879 1317 971 1388 colligi
1005 1335 1039 1372 ex
1064 1317 1222 1382 Herodoto,

245 1401 332 1450 artem
352 1395 487 1449 scribendi
507 1397 560 1451 iarn
582 1396 683 1449 dudum
704 1401 767 1450 ante
787 1395 864 1449 illum
885 1395 1020 1465 cognitam
1043 1394 1224 1450 celebratam·

245 1488 298 1542 que
327 1472 420 1539 luisse,
450 1478 481 1526 ut
513 1473 613 1526 ultimis
641 1472 810 1541 temporibus
841 1471 973 1542 assignari
1002 1476 1106 1540 posset.
1157 1469 1223 1538 Quo

245 1549 306 1617 ipso
328 1548 431 1602 destrui
451 1554 531 1618 putes
547 1548 659 1602 Woodii
675 1549 838 1619 opinionem.
870 1547 941 1603 Nam
955 1548 978 1601 si
997 1547 1065 1600 illud
1079 1553 1134 1603 tam
1154 1563 1224 1615 pau·

247 1624 285 1678 cis
306 1624 382 1678 annis
402 1631 465 1680 ente
479 1625 650 1679 Herodotum
662 1625 721 1679 fieri
736 1626 871 1694 coepisset
890 1619 1108 1689 imposituros
1126 1629 1226 1676 auctor

245 1717 299 1754 non
320 1700 368 1768 ite,
396 1706 426 1754 ut
446 1701 521 1770 facit,
542 1701 710 1758 iudicaturus
740 1709 806 1755 erat.
848 1699 976 1756 Ceterum
995 1718 1101 1768 vereor,
1121 1717 1155 1752 ne
1176 1698 1225 1754 tri-

246 1777 351 1832 tissima
371 1777 466 1832 febula
486 1779 519 1832 de
541 1777 644 1832 Cadmo
674 1777 816 1832 referenda
842 1779 877 1832 sit
902 1779 993 1848 potius
1019 1777 1054 1830 ad
1075 1775 1225 1846 antiqnita-

246 1861 303 1907 tem
322 1854 409 1924 ipsius
428 1856 540 1923 inventi,
562 1873 643 1925 quum
665 1855 700 1908 ad
722 1871 784 1909 eum
804 1861 921 1909 tractum
941 1854 1079 1924 temporis,
1099 1870 1154 1922 quo
1175 1868 1228 1905 no-

247 1931 310 1985 titia
329 1931 387 1985 cius
408 1932 442 1985 ad
464 1932 585 1986 Graecos
611 1931 774 2003 pervenerit.
815 1931 891 1985 Talis
918 1932 987 1985 enim
1013 1931 1117 1984 inventi
1137 1945 1229 1998 vagus

248 2025 341 2061 rumor
361 2007 434 2061 haud
456 2009 538 2063 dubie
560 2010 632 2079 apud
659 2009 719 2062 illos
746 2008 897 2079 praecurrit
923 2013 1068 2062 accuratae
1095 2005 1228 2073 notitiae3

250 2083 320 2137 banc
341 2084 423 2152 longo
444 2083 587 2139 interiecto
614 2086 703 2154 spatio
724 2085 831 2138 rudium
858 2100 987 2138 manuum
1007 2082 1164 2149 imitamina,
1185 2088 1230 2134 et-

250 2176 303 2229 que
329 2158 397 2212 haec
423 2167 575 2229 prostremo
606 2161 726 2231 vulgaris
756 2179 822 2216 usus
853 2167 880 2214 et
906 2161 1069 2229 conscriptio
1095 2158 1228 2212 librorum

248 2241 342 2289 secute
353 2241 401 2288 est.
419 2233 444 2299 [ὁ
453 2230 584 2302 Ἡρακλῆς
593 2235 608 2285 ὁ
617 2233 650 2293 ἐξ
658 2233 919 2303 ΑλκμήνηςκαὶΔιὸς
927 2235 959 2304 ἦν
969 2234 1018 2297 μὲν
1028 2261 1047 2272 -
1059 2231 1093 2291 ἐξ
1102 2231 1193 2302 ἀρχῆς
1204 2259 1227 2270 -

246 2307 361 2366 Ἀλκαῖος
379 2306 517 2372 τοῦνομα,
538 2309 677 2379 ὑπέδραμε
696 2309 726 2361 δὲ
745 2312 793 2380 τὴν
809 2307 969 2379 Ἡρακλέους
986 2309 1171 2378 προςηγορίαν
1186 2325 1228 2357 νο-

251 2395 394 2459 μιζομένου
413 2394 489 2464 παρὰ
507 2398 567 2455 τοῖς
584 2397 650 2448 τότε
668 2397 744 2449 θεοῦ.
763 2397 831 2448 ὅθεν
850 2396 894 2446 καὶ
906 2395 934 2446 ἐν
949 2397 1009 2454 ταῖς
1025 2395 1129 2464 appar<
1147 2394 1230 2460 λόγος

251 2479 307 2550 ἔχει
325 2480 408 2531 πάλαι
426 2481 492 2532 ποτὲ
512 2482 662 2550 ἀνδριάντα
675 2480 741 2534 ἴδιον
751 2479 911 2550 Ἡρακλέους
923 2482 1061 2551 εὑρῆσθαι
1073 2481 1227 2549 ἐπιγραφὴν

251 2565 350 2636 ἔχοντα
357 2565 475 2626 Ἀλκαῖος
488 2565 691 2636 {inperpetuum
698 2565 823 2637 Ἡρακλεῖ
836 2570 1027 2638 χαριστήριον.
1040 2568 1112 2621 Sext.
1123 2567 1228 2634 Empir.

250 2658 276 2720 s,
294 2655 346 2720 aa]

697 2739 782 2814 XV.

329 2878 382 2932 Hic
402 2896 456 2933 non
477 2879 587 2949 dubito,
610 2881 677 2950 quin
697 2881 781 2936 futuri
802 2881 856 2935 sint
875 2881 962 2947 multi,
983 2880 1030 2951 qui
1050 2881 1144 2935 talium
1164 2900 1228 2952 pro-

253 2973 395 3027 gressuum
429 2956 653 3026 significationem
686 2958 737 3013 sub
770 2958 825 3011 illis
855 2957 1008 3012 nominibus
1041 2958 1142 3024 latere,
1176 2976 1227 3013 nec

324 3117 354 3180 ¹⁹)
372 3118 411 3168 De
431 3118 491 3168 Arte
509 3135 613 3183 gramm.
631 3117 652 3180 I,
672 3117 711 3171 10.
731 3136 755 3184 p.
773 3118 816 3172 50·

322 3202 355 3269 ²⁰)
373 3203 408 3254 Ut
431 3202 540 3253 Pausan.
565 3202 616 3262 IX,
644 3206 684 3256 11.
724 3202 830 3252 Illorum
853 3217 970 3251 versuum
993 3201 1128 3253 novitatem
1151 3201 1229 3266 plane

255 3272 340 3337 prodit
353 3288 409 3353 true
427 3272 565 3350 contractio
583 3269 678 3338 ἑαυτῷ,
714 3271 768 3321 Neo
788 3270 916 3334 antiquius
934 3278 973 3320 ost
990 3271 1145 3336 epigramma
1163 3269 1230 3320 illud

255 3357 296 3456 tl
316 3336 1230 3473 trrrttrururetribuitur·„sturmius

255 3491 318 3539 quas
336 3485 434 3526 veteres
453 3476 547 3541 passim
565 3476 665 3525 tradunt
682 3493 714 3526 ex
731 3475 907 3541 antiquissima
926 3483 1023 3536 aetate,
1047 3475 1090 3525 alii
1109 3475 1230 3536 viderint,

166 3613 170 3618 Ι
254 3541 318 3593 Mihi
338 3543 438 3594 ridetur
454 3545 479 3593 in
498 3552 550 3594 toto
563 3542 612 3595 boo
623 3558 716 3608 genere
728 3547 838 3609 primum
851 3551 937 3595 sancta
948 3546 1016 3595 fraus
1027 3538 1146 3610 gr‘assata
1163 3559 1230 3596 esso.
