2702 4124
661 311 849 366 ..64-

272 471 416 542 ascriptis
435 469 632 542 exemplaribus
653 469 797 541 destituta,
822 487 877 526 non
905 469 1016 526 vacillat
1038 470 1189 540 interdum,
1219 475 1247 526 et
1320 535 1323 544 ,

270 549 411 619 paullatim
436 547 543 618 longius
568 565 585 602 a
609 547 663 602 fide
689 547 823 604 desciscit.
864 549 896 602 ln
916 548 1010 618 primis
1029 563 1095 602 vero
1116 547 1243 602 recitatio

270 625 345 696 ipsa,
375 624 467 680 vivido
494 625 597 695 impetu
622 630 650 678 et
676 624 773 680 ardore
799 624 882 679 animi
907 630 1037 694 peracta,
1067 623 1246 678 infirmaverit

271 706 380 772 oportet
406 702 577 766 memoriam,
601 701 747 772 multisque
774 701 968 756 mutationibus
993 718 1102 755 causam
1127 700 1243 769 dederit,

269 777 297 832 in
317 795 350 832 eo
369 778 529 850 praesertim
550 793 682 846 sermone,
704 777 750 847 qui
771 779 849 849 qnasi
868 783 966 849 sponte
987 777 1162 832 concluderet
1181 793 1243 832 ver·

269 871 343 922 snm,
370 872 458 925 neque
485 854 554 908 benc
578 854 751 908 artificiosam
778 855 986 910 concinnitatem
1011 854 1142 923 heberet,
1170 871 1243 924 quae

267 931 376 986 aliunde
395 933 473 985 illata
491 936 646 1002 respueret,
672 948 754 1000 quum
781 932 872 986 omnia
891 937 968 986 tenta
987 931 1160 1000 simplicitate
1180 947 1242 986 sen·

267 1008 358 1062 tentiis
378 1008 468 1064 verbis
489 1013 616 1062 conserta
636 1007 703 1074 sint,
729 1009 820 1061 omnic
839 1009 878 1062 ita
898 1007 1067 1062 membratim
1087 1012 1115 1061 et
1134 1006 1242 1060 incisim

202 1146 205 1155 s
269 1084 423 1153 decurrant,
444 1090 474 1138 nt
494 1084 629 1153 mutendi,
654 1083 828 1152 detrahendi,
854 1084 971 1139 addendi
995 1083 1098 1154 ubique
1123 1083 1242 1137 maxima

266 1161 382 1215 facilitas
402 1160 446 1214 sit.
486 1161 628 1214 Postremo
649 1161 744 1214 mirum
764 1160 875 1228 suisset,
903 1161 955 1214 nisi
974 1159 1104 1230 rhapsodi
1124 1176 1242 1230 genero·

266 1237 348 1308 sicris
368 1237 487 1307 spiritus,
508 1243 537 1291 et
557 1237 603 1307 qui
623 1237 674 1307 ipsi
694 1240 792 1307 potitae
807 1243 905 1304 essent,
925 1237 1026 1307 passim
1046 1236 1151 1306 aliquid
1170 1253 1189 1291 a
1207 1253 1241 1290 sa

265 1314 361 1368 melius
381 1314 434 1368 dici
453 1329 547 1384 posse,
571 1313 627 1368 alia
652 1313 733 1368 etiem
759 1314 786 1368 in
806 1314 961 1368 auditorum
980 1313 1096 1384 gratiam
1116 1313 1240 1368 clariori·

266 1390 318 1444 bus
343 1390 433 1444 verbis
458 1385 647 1460 exprimenda,
677 1391 732 1445 alia
761 1389 877 1461 deniquo
900 1390 1088 1444 intertexenda
1113 1389 1240 1460 pluribus

232 1465 234 1469 ’
265 1464 433 1522 Carminibus
453 1484 506 1520 uno
526 1467 572 1520 filo
593 1468 731 1522 nectendis
751 1474 888 1537 putarent,
917 1467 956 1522 Ut
975 1467 1047 1521 enim
1060 1465 1095 1520 ab
1110 1465 1238 1521 omnibus

265 1543 480 1613 intelligerentur
501 1549 608 1596 etcum
629 1545 769 1613 voluptate
795 1544 966 1612 audirentur,
996 1559 1100 1598 summa
1124 1543 1238 1598 illorum

264 1615 333 1674 cura'
350 1637 409 1674 esse
430 1620 536 1687 debuit,
562 1637 617 1674 non
642 1619 725 1689 haec,
752 1626 785 1675 ut
804 1621 930 1675 Carmina
954 1619 1059 1674 sincera
1083 1626 1236 1686 servarent,

264 1696 355 1767 qualia
381 1696 496 1766 primum
521 1696 630 1751 fuderat
655 1703 741 1751 vates.
785 1698 883 1768 Itaque
912 1696 1071 1750 nominatim
1096 1695 1235 1768 cynaetni

261 1773 365 1829 familia
383 1773 551 1828 insimulatur
570 1772 644 1827 illum
665 1771 794 1828 tomellis
808 1774 895 1827 modis
909 1773 1072 1843 corrupisse,
1092 1778 1151 1827 tum
1170 1789 1235 1844 pro·

262 1850 337 1921 prios
357 1867 451 1904 versus
474 1848 703 1920 inculcavisse⁷⁷).
743 1850 834 1919 Quare
860 1849 986 1921 equidem
1010 1849 1184 1918 crediderim,
1210 1849 1235 1904 si

262 1944 296 1982 ex
321 1927 415 2000 talium
439 1927 638 1998 rhapsodorum
663 1945 709 1982 cre
735 1932 877 1996 exceptum
902 1925 984 1982 hodie
1005 1931 1124 1981 exstaret
1144 1943 1233 1980 exem-

260 2005 334 2073 plum
347 2003 469 2074 Homeri,
491 2003 525 2057 ab
546 2003 750 2074 insequentibus
765 2001 871 2058 Criticis
891 2019 945 2057 non
965 2003 1097 2072 limatum,
1118 2003 1233 2057 eandem

259 2079 332 2134 illius
351 2079 449 2134 faciem
468 2079 587 2135 futuram
606 2097 679 2148 esse,
707 2085 788 2149 quam
806 2080 924 2134 maiores
942 2079 1029 2134 nostri
1050 2079 1157 2148 Hymni
1175 2080 1233 2132 Ηο-

258 2156 422 2210 marcarum
441 2155 552 2211 hubent.

334 2229 472 2286 Admonet
497 2249 540 2287 me
564 2231 617 2286 hoc
635 2249 734 2286 nornen
754 2233 939 2304 Hymnorum,
966 2232 1003 2286 ab
1022 2231 1232 2288 Hemsterbusio

226 2363 228 2369 ,
259 2315 287 2363 et
300 2309 361 2364 aliis
376 2309 487 2363 eruditis
500 2308 650 2377 inductum,
670 2315 701 2363 nt
720 2308 844 2364 adiiciam
856 2309 960 2379 aliquid
974 2309 1009 2363 de
1022 2309 1232 2380 interpolatione

257 2385 468 2456 rhapsodorum,
498 2403 532 2440 ex
551 2403 605 2456 quo
628 2386 708 2456 plane
727 2392 872 2456 appareat,
901 2403 983 2456 quern
1006 2386 1047 2440 illi
1071 2403 1126 2440 non
1151 2386 1231 2440 alieni

256 2463 358 2518 fuerint
376 2479 393 2516 a
412 2463 521 2533 politica
541 2462 684 2531 facultate,
711 2470 738 2517 et
763 2478 845 2531 quam
872 2459 929 2518 sine
948 2461 1045 2518 fraude
1064 2462 1127 2517 telis
1147 2463 1231 2517 inter-

255 2540 359 2612 polatio
384 2539 457 2594 facta
482 2540 525 2593 sit.
569 2539 650 2594 Prius
675 2540 785 2611 quidem
810 2540 891 2594 etiam
918 2540 994 2594 nullo
1022 2544 1132 2593 auctore
1161 2539 1231 2593 veri·

258 2617 420 2671 simillimum
442 2622 529 2681 esset,
552 2617 604 2669 nisi
624 2616 691 2670 adeo
712 2615 811 2686 frigide
830 2621 911 2686 putes
930 2615 1039 2670 illorum
1058 2615 1179 2686 ingenia,
1200 2620 1230 2670 ut

255 2711 307 2748 usu
334 2710 419 2763 paene
446 2692 605 2762 quotidiano
637 2694 799 2762 optimorum
823 2696 966 2762 poetarum
992 2710 1047 2746 non
1070 2692 1230 2746 incaluerint

254 2769 290 2824 ad
315 2769 418 2839 aliquid
444 2769 530 2822 simile
550 2769 716 2828 tentandum.
756 2769 874 2837 Verum,
902 2770 952 2824 etsi
978 2769 1059 2822 huius
1086 2770 1147 2822 aevi
1165 2773 1228 2824 'tam

255 2846 384 2901 lacunosa
405 2846 518 2899 historia
537 2852 592 2914 est,
619 2845 752 2899 Pindarus
772 2853 864 2900 tamen
885 2853 913 2900 et
932 2844 1097 2900 Plutarchus
1106 2845 1141 2915 78)
1163 2845 1227 2900 satis

257 2977 461 2988 ——a-————

322 3061 355 3124 ⁷⁷)
374 3059 458 3110 Schol.
476 3058 550 3109 Pind.
569 3057 587 3109 1.
606 3075 626 3108 c
646 3066 670 3110 et
688 3074 718 3110 ex
736 3075 766 3110 eo
784 3056 902 3110 Enststh.
920 3058 953 3108 ad
972 3058 1001 3110 ll.
1019 3077 1044 3125 p.
1064 3060 1088 3112 6.
1106 3057 1152 3111 inl.

320 3154 353 3221 ⁷⁸)
372 3153 410 3204 De
427 3154 527 3204 Musica
544 3170 569 3218 p.
589 3153 663 3206 1133.
681 3151 709 3203 O.
728 3153 836 3219 loquens
854 3152 887 3203 ds
904 3151 987 3202 modis
1012 3151 1185 3204 citharoedicis
1202 3155 1227 3201 et

252 3223 385 3292 rhapsodis
403 3222 598 3287 antiquioribus:
620 3215 663 3270 Τὰ
681 3219 766 3287 πρὸς
783 3218 866 3279 τοὺς
881 3218 1003 3283 θεοὺς,
1022 3219 1065 3278 ὡς
1081 3217 1166 3283 dodi
1180 3235 1225 3268 ον·

251 3309 322 3356 ται,
340 3287 635 3358 ἀφοσιωσάμενοι,
659 3286 801 3353 ἐξέβαινον
828 3287 914 3346 εὐθὺς
937 3288 984 3340 ἐπί
998 3305 1030 3339 τε
1048 3289 1097 3356 τὴν
1111 3285 1225 3356 Ὁμήρου

251 3359 295 3411 καὶ
312 3363 366 3411 τῶν
386 3355 471 3408 ἄλλων
491 3357 604 3428 ποίησιν·
623 3355 704 3424 δῆλον
723 3355 754 3407 δὲ
772 3354 845 3409 τοῦτ’
858 3355 915 3408 ἐστὶ
927 3355 969 3408 διὰ
981 3359 1035 3408 τῶν
1048 3352 1225 3427 Τερπάνδρου

251 3426 411 3497 προοιμίων.
446 3427 486 3477 lix
504 3428 554 3480 hoo
573 3443 623 3477 uno
641 3429 699 3477 loco
717 3426 847 3488 discimus,
865 3437 916 3477 non
938 3427 964 3479 in
988 3427 1072 3479 Iovem
1097 3428 1179 3478 solum
1201 3431 1226 3476 st

251 3499 353 3561 Musas,
379 3497 425 3548 sed
446 3496 472 3547 in
496 3503 593 3548 ceteros
617 3511 718 3562 quoqne
743 3497 803 3547 deos
828 3495 980 3562 prooemiari
1009 3495 1111 3574 solitum
1138 3496 1224 3573 luisse.

250 3563 341 3633 Neque
358 3572 441 3616 tamen
460 3581 490 3616 ex
507 3563 619 3616 Pindaro
637 3572 704 3615 recte
721 3563 837 3632 colligas,
856 3581 985 3632 sempera
997 3561 1224 3629 Iooaprsrrccpaum
