2694 4116
623 331 837 386 -104-

318 487 389 544 Nam
408 487 462 556 iao,
482 485 557 560 quod
575 505 610 544 us
629 489 709 544 aliter
727 488 837 561 quidem
849 488 914 560 fingi
927 505 977 559 par
988 489 1130 545 historiam
1143 490 1234 560 lieet,

243 565 337 620 deoem
356 565 401 619 vel
421 563 518 636 viginti
531 565 698 635 exemplaria
711 572 775 636 post
787 567 903 637 primum
915 565 981 620 illud
995 568 1146 637 scripturae
1158 573 1231 622 ten-

244 648 336 697 tamen
356 659 373 695 s
392 641 457 696 viris
476 641 599 712 privetis,
620 649 650 696 ut
669 649 736 712 puta
756 641 939 713 erhupsodis,
953 643 1025 698 faeta
1039 660 1113 701 esse:
1126 661 1232 698 annon
1341 641 1342 714 j

242 719 271 772 in
291 718 434 772 aestatim
454 719 583 788 plurimas
603 720 766 774 variationes
785 719 878 774 inferri
898 721 1036 789 oportuit,
1057 720 1155 789 partim
1189 738 1230 774 ex

242 794 325 851 variis
343 795 476 850 renitendi
495 795 594 865 modis,
613 797 712 866 partim
732 813 765 850 ex
785 796 924 866 ingeniosa
938 796 1047 851 libidine
1062 797 1230 851 describen-

243 870 332 926 tium?
352 873 515 942 Quanquam
536 873 605 927 enim
626 873 701 926 nullo
722 880 844 944 tempora
864 873 975 928 evanuit
999 873 1073 942 apud
1093 871 1232 928 Graecos

243 949 384 1020 persuasio
406 948 440 1003 de
461 949 553 1003 divina
572 949 676 1018 origine
697 949 809 1004 Homeri
829 951 880 1016 sui,
901 957 991 1004 tamen
1016 950 1043 1003 in
1071 949 1129 1005 eius
1156 967 1229 1004 ora·

243 1026 327 1095 tione,
348 1025 418 1080 siout
438 1025 465 1078 in
485 1025 718 1095 interpretatione,
733 1043 870 1096 nunquam
883 1026 1020 1081 desierunt
1034 1043 1137 1080 summa
1149 1027 1233 1081 levi·

243 1108 301 1158 tate
319 1109 424 1156 mutare
445 1101 594 1171 quidlibet,
615 1103 763 1173 corrigere,
789 1102 890 1173 liugero
911 1103 946 1157 ud
973 1103 1095 1169 libitum,
1121 1111 1152 1156 ut
1179 1104 1228 1157 di-

243 1179 372 1250 gnissimo
392 1179 501 1232 demum
518 1178 634 1232 numinis
654 1178 749 1233 efflatu
766 1179 929 1248 proferetur.
968 1179 1066 1249 Neque
1085 1179 1139 1232 hoo
1153 1197 1228 1250 pro·

244 1255 319 1310 ieeto
339 1255 435 1308 mirum
457 1262 507 1324 est,
520 1269 611 1326 ‘quum
631 1254 717 1310 multo
737 1257 888 1326 graviorem
908 1255 1038 1327 populum
1052 1256 1228 1310 Iudaeorum

244 1332 311 1386 satis
331 1331 378 1385 diu
399 1331 512 1386 eundem
530 1333 663 1386 rationem
681 1334 801 1386 tenuisse
827 1333 975 1389 videamus.
1014 1333 1071 1386 Isiu
1096 1333 1118 1386 si
1145 1350 1228 1388 nova

245 1407 361 1462 subinde
382 1408 548 1476 exemplaria
567 1408 663 1462 fierent
682 1425 716 1462 ex
734 1408 796 1478 illis,
811 1409 861 1463 nisi
874 1409 1001 1463 indoctus
1014 1409 1140 1464 librarius
1154 1427 1223 1478 pro-

245 1485 347 1538 ximum
366 1484 483 1554 quodvis
504 1492 642 1555 arreptum
661 1484 777 1540 fideliter
791 1485 973 1553 describebat,
987 1485 1005 1538 ii
1019 1486 1065 1555 qui
1078 1485 1126 1541 illa
1140 1503 1225 1541 oure·

244 1560 321 1629 bant,
342 1559 449 1614 oollatis
469 1555 593 1630 pluribus
613 1563 751 1632 exemplis,
772 1578 829 1632 rem
843 1563 888 1617 vir
901 1562 980 1617 aliter
992 1562 1107 1632 aggredi
1120 1571 1224 1632 potus·

247 1643 320 1704 runt,
339 1654 421 1708 quam
441 1642 472 1690 ut
491 1637 635 1690 iudicando
657 1637 844 1709 eligendoque,
865 1639 938 1709 quod
953 1641 1052 1710 cuique
1064 1639 1126 1708 loeo
1142 1639 1224 1693 vide·

246 1718 322 1768 retur
341 1712 519 1783 aptissimum,
539 1713 654 1769 formem
674 1721 763 1769 textus
783 1715 875 1769 multis
894 1716 1018 1785 partibus
1038 1715 1117 1769 aliam
1144 1715 1222 1770 faue-

246 1795 316 1848 rent.
348 1790 423 1845 Telis
443 1799 535 1846 autem
551 1807 640 1846 novus
659 1798 759 1860 textus,
775 1799 810 1846 ut
821 1799 880 1846 tum
893 1799 970 1847 eraut
982 1800 1115 1862 tempora,
1129 1809 1224 1862 neque

247 1966 451 1976 *-

249 2051 382 2102 dicebatur
399 2051 431 2111 is,
450 2053 494 2118 qui
513 2050 637 2102 seribendi
656 2058 681 2132 et
696 2050 797 2118 legendi
815 2050 934 2134 insultate
957 2049 1072 2114 oarebat,
1096 2049 1139 2116 qui
1165 2067 1223 2100 sem

248 2117 932 2255 {dtlttruldtss‘tlfuttsldillidit
952 2136 1019 2238 ἓξὲξ
1041 2127 1226 2238 effluit

249 2254 360 2322 (Phileb.
384 2272 408 2320 p.
429 2255 468 2309 18.
486 2254 539 2319 D),
561 2254 736 2321 Xenophontis
759 2255 803 2319 (Μ.
828 2255 855 2308 S.
876 2254 920 2312 lv.
944 2257 968 2316 2,
992 2256 1053 2322 nd),
1071 2253 1225 2305 Aristotelis

249 2321 325 2388 (Top.
344 2321 391 2381 vl,
406 2324 431 2378 5.
451 2341 474 2388 p.
494 2325 554 2376 2⁴7·
573 2323 622 2386 B).
658 2327 740 2390 Atque
758 2324 803 2373 illa
822 2323 923 2390 quidem
941 2333 1028 2389 postea
1051 2341 1067 2372 s
1089 2323 1226 2374 nonnullis

249 2388 421 2458 ἀτελεστέρα
437 2391 612 2458 γραμματικὴ
630 2390 697 2441 diota
715 2399 761 2443 est.
782 2391 883 2457 quando
901 2393 1002 2442 latiori-s
1020 2392 1084 2442 fines
1108 2407 1224 2455 occupa-

249 2470 323 2510 verat
342 2461 513 2510 Grammutiea
530 2458 636 2516 τέλειος
651 2477 674 2510 s.
692 2456 804 2526 ἐντελής
821 2461 862 2526 (oi.
880 2459 982 2510 Sextum
997 2459 1091 2525 Erupit.
1105 2475 1127 2509 e.
1142 2457 1223 2509 Math.

248 2526 270 2580 I.
288 2527 311 2594 5.
330 2527 372 2581 44.
391 2529 452 2592 lb),
466 2529 507 2578 oui
525 2529 557 2578 ad
570 2528 693 2579 Gra'etem
707 2545 788 2594 usque
801 2528 894 2578 Cririoe
905 2533 1023 2592 tsuqrium
1037 2545 1095 2593 pars
1107 2529 1225 2576 subiectas

249 2607 310 2648 erat.
347 2596 399 2647 Sed
421 2598 497 2647 huius
520 2599 574 2646 sire
596 2598 675 2661 partis
698 2597 750 2646 sire
775 2598 889 2662 propriae
913 2596 1041 2645 doetrinae
1060 2612 1152 2646 nomen
1172 2612 1224 2644 nou

249 2664 345 2744 legitur
362 2673 422 2715 ante
445 2682 532 2716 sevum
550 2664 761 2726 Alexandrinum,
785 2665 835 2713 nisi
856 2667 881 2713 in
906 2664 1013 2730 diulogis¹
1038 2665 1173 2742 Aesebiuis
1198 2674 1227 2714 et

249 2732 1004 2866 llildli,illitt'tttllltld:titilius
1023 2732 1227 2868 gillebi

249 2867 317 2918 hul.
337 2867 423 2918 dioens
442 2869 473 2919 ab
491 2869 628 2920 Aristotele
639 2868 690 2936 τὴν
701 2866 821 2936 κριτικήν
834 2883 866 2917 τε
878 2865 921 2917 καὶ
931 2868 1120 2946 γραμιιιατιιιὴνΙ
1132 2867 1224 2938 ἀρχὴν

251 2933 363 3000 λαβεῖνι
382 2939 432 2987 etsi
450 2955 483 2987 ne
499 2937 550 2988 boe
568 2937 669 3003 quidem
688 2939 715 2987 in
732 2942 829 2987 iaetura
845 2945 883 2986 tot
901 2939 1083 2987 exoterioorum
1100 2938 1226 2989 librorum

251 3005 398 3056 Aristotelis
416 3023 432 3054 ιι
450 3006 522 3056 nobis
540 3009 601 3054 satis
619 3005 713 3054 firmari
737 3013 825 3072 potest.
861 3004 899 3054 de
917 3006 1001 3054 minus
1025 3005 1101 3055 etiam
1123 3005 1225 3057 clarum

251 3082 297 3137 est,
317 3072 384 3139 quod
403 3073 434 3124 de
452 3073 607 3139 Apollodoro
627 3073 740 3124 Cumano
764 3072 871 3123 traditur
894 3071 1055 3122 acromonte
1074 3073 1149 3123 Alex.
1173 3074 1224 3125 Str.

250 3141 270 3194 1,
290 3159 314 3207 p.
333 3140 391 3195 309.
417 3158 461 3192 seu
485 3140 517 3191 de
541 3142 671 3192 Autodoro
694 3145 721 3192 in
745 3140 882 3191 Theodosii
904 3141 988 3194 Sobel.
1014 3157 1055 3206 sp.
1078 3141 1164 3192 Burm.
1192 3143 1225 3192 ad

250 3209 337 3262 Voles.
357 3208 482 3269 Emendd.
501 3227 526 3275 p.
546 3212 602 3264 146.
621 3220 645 3261 st
662 3209 760 3262 Villoie.
779 3208 874 3259 Aueod.
894 3210 938 3260 (ir.
962 3226 978 3274 p
1009 3211 1065 3263 173.
1100 3209 1225 3262 Neutrius

251 3278 327 3339 enim,
345 3277 368 3328 si
385 3285 469 3329 tamen
488 3278 580 3329 diversi
598 3292 666 3339 sunt,
684 3286 791 3329 aemtem
815 3285 937 3328 tenemus.
973 3277 1137 3342 Relinquitur
1155 3296 1225 3345 ergo,

251 3354 281 3397 ut
298 3354 343 3406 rei,
361 3362 411 3395 non
429 3347 552 3407 nominis,
571 3347 706 3413 primordie
729 3346 898 3412 exquiramus.
934 3345 1068 3411 Reliquum
1092 3348 1226 3398 historiam

252 3413 438 3464 Grammaticus
460 3423 486 3466 et
506 3414 616 3466 Oritieae
638 3415 710 3466 doute
730 3423 914 3481 persequuntur
936 3429 1034 3480 praeter
1060 3413 1144 3464 Voles.
1167 3415 1186 3464 l.
1206 3416 1225 3468 l.

198 3512 200 3516 -
250 3483 415 3602 ¹lilbauppsauus,
439 3482 595 3548 Wouerius,
618 3481 716 3536 Febris.
741 3483 773 3534 ad
797 3484 915 3544 Sextum,
938 3481 1073 3532 Walohiua
1099 3482 1227 3549 singulari

288 3565 302 3603 θ
322 3565 346 3602 οο
