2694 4116
504 345 774 415 -os—¹

108 500 180 554 VH.
200 518 270 560 saec.
290 501 457 556 inconditam
477 502 573 571 pobsin
592 501 713 571 priorum
733 507 853 556 aetatum
873 503 1005 557 memoria
1022 520 1083 572 pro·

110 584 243 648 pagabam
284 578 491 633 collectionibus
521 577 665 648 (Dicente)
696 579 926 648 comprehendere
955 581 1085 650 coepisse,

109 657 256 725 ipsumque
272 654 406 709 Coranum
421 655 578 710 diversitate
590 657 739 724 primorum
758 660 882 709 textuum
901 655 1014 710 similem
1028 657 1084 709 Ho-

106 748 186 785 mero
207 731 342 786 fortunam
362 733 452 786 fateri.
492 731 607 786 Praeter
627 732 677 785 hos
698 739 726 786 et
746 731 814 785 alios
834 733 951 803 populos
976 750 1084 802 compa·

106 807 190 862 randi
210 814 288 863 amnt
307 809 441 876 Hebraei,
468 807 540 877 apud
562 825 631 878 qnos
656 809 806 862 litterarum
832 816 861 864 et
880 809 1084 863 scribendorum

106 885 241 939 librorum
266 903 331 939 usus
357 886 422 939 mihi
448 884 557 956 quidem
580 886 653 939 baud
677 887 770 956 paullo
801 888 937 940 recentior
966 886 1083 954 videtur,

108 977 192 1030 qnam
213 963 296 1033 vulgo
315 968 435 1032 putatur,
458 967 484 1016 et
503 962 591 1016 minus
614 963 683 1017 adeo
698 962 844 1032 genuinum
858 979 956 1032 corpus
969 963 1084 1031 scripto-

108 1055 185 1106 rum,
210 1040 369 1109 praesertim
394 1039 588 1108 antiquiorum.
629 1039 683 1093 Sed
704 1039 738 1092 de
763 1039 805 1093 his
832 1045 859 1093 et
879 1037 1006 1093 Arabicis
1032 1038 1083 1092 illis

109 1115 317 1171 collectionibus
337 1115 455 1171 viderint
474 1115 596 1170 homines
616 1115 714 1170 eruditi
734 1115 830 1170 litteris
851 1115 978 1171 Orientis.

188 1227 234 1282 Ad
250 1229 372 1284 Graecos
387 1230 553 1283 revertimur.
585 1229 639 1299 Qui
652 1235 830 1300 posteaquam
844 1228 993 1282 Homerum
1006 1245 1084 1281 suum

109 1307 287 1376 collegerant,
307 1323 438 1376 perquam
455 1306 598 1360 verisimile
613 1314 664 1374 est,
685 1323 733 1362 eos
755 1305 868 1361 eandem
889 1322 980 1360 curam
993 1304 1084 1358 statim

108 1384 145 1438 ad
172 1383 278 1452 reliqua
304 1383 504 1452 praestantiora
531 1382 657 1437 Carmina
686 1384 810 1454 supparis
836 1383 897 1436 aevi
922 1381 1083 1435 traduxisse.

109 1459 174 1529 Qua
192 1461 219 1512 in
238 1476 269 1513 re
290 1459 414 1528 equidem
435 1460 521 1512 minus
542 1459 624 1513 miror
643 1460 779 1515 silentium
798 1459 979 1529 antiquitatis.
1013 1458 1083 1512 Nam

108 1537 194 1590 semel
224 1535 365 1606 proposito
396 1536 520 1606 exemplo
551 1554 635 1606 opera
664 1537 717 1592 ista
741 1554 796 1592 non
822 1536 912 1606 potuit
938 1534 1083 1589 admodum

108 1612 226 1666 difficilis
252 1629 326 1682 esse3
351 1629 439 1682 neque
464 1613 492 1666 in
518 1613 573 1666 alio
597 1613 652 1668 ullo
679 1614 803 1672 Carmine
828 1620 883 1666 tarn
911 1611 1083 1666 artificiosam

110 1696 276 1744 structuram
301 1691 451 1759 quaesitam
476 1689 608 1743 videmus.
647 1691 745 1761 Itaque
769 1707 820 1744 nec
846 1689 943 1743 ceteris
963 1689 1083 1757 reliquiis

108 1766 263 1819 Homericis
282 1782 333 1821 nec
352 1765 507 1819 Hesiodieis
528 1766 680 1834 defuerunt,
702 1773 733 1821 ut
754 1767 858 1836 opinor,
881 1759 1082 1825 διασκευασταῐ,

109 1843 158 1914 qui
179 1842 328 1912 singulares
341 1842 502 1911 rhapsodias
515 1850 716 1911 connecterent,
737 1844 795 1897 sive
809 1859 863 1910 eas,
885 1858 956 1911 quae
969 1841 1003 1894 ab
1017 1841 1084 1910 ipsis

108 1920 268 1974 auctoribus
287 1919 322 1972 ad
344 1919 457 1973 candem
477 1919 590 1974 formam
618 1920 784 1990 compositae
812 1925 903 1986 eraut,
929 1934 982 1970 uno
1008 1917 1084 1970 volu·

107 1996 181 2049 mine
201 1995 454 2065 complecterentur,
475 2000 506 2048 ut
523 1987 701 2059 Καταλόγους
716 1995 847 2060 γυναικῶν
866 1995 911 2048 vel
926 1986 1024 2049 Ἠοίας
1038 2007 1082 2053 με·

108 2069 207 2137 γάλαξι
239 2072 372 2142 Idemque
392 2091 446 2127 non
466 2071 551 2126 multo
572 2079 634 2142 post
647 2072 833 2127 Pisistratidas
846 2072 948 2125 sactum
961 2071 1084 2141 suspicor

107 2151 137 2203 in
158 2149 269 2220 cyclicis
290 2155 317 2202 et
337 2149 397 2202 aliis
417 2148 508 2202 multis
522 2147 700 2217 Carminibus,
723 2167 800 2219 quae,
821 2148 903 2203 hodie
917 2148 962 2201 vix
975 2150 1082 2202 nomine

108 2232 184 2292 nota,
204 2243 259 2279 non
279 2226 466 2295 pervenissent
484 2227 520 2282 ad
541 2227 680 2282 saeculum
699 2226 932 2292 Ptolemaeorum,
954 2225 1006 2278 nisi
1026 2231 1082 2277 turn

108 2303 144 2357 ab
165 2303 278 2356 interitu
299 2302 343 2356 vel
363 2303 442 2356 novis
463 2304 625 2374 corruptelis
645 2309 753 2359 servata
774 2311 872 2358 essent.

186 2411 230 2465 Ex
255 2413 350 2467 eadem
376 2420 467 2469 aetate
494 2414 611 2484 denique
634 2413 798 2484 repetendae
821 2413 947 2467 videntur
966 2413 1083 2482 plurium

109 2504 223 2562 operum
236 2488 321 2544 salsae
334 2491 531 2560 inscriptiones,
552 2509 643 2561 quum,
665 2489 797 2560 quidquid
818 2489 939 2543 eiusdem
953 2489 1009 2543 fere
1024 2490 1084 2542 soni

109 2570 138 2620 et
157 2567 309 2635 argumenti
329 2572 415 2635 esset,
441 2568 487 2620 uni
513 2568 620 2622 auctori
639 2568 817 2635 tribueretur,
842 2557 962 2619 Homero
983 2566 1010 2618 in
1030 2565 1082 2634 pri-

108 2641 162 2694 mis
183 2648 210 2694 et
230 2640 368 2712 Hesiodo,
397 2645 444 2713 qui
468 2644 575 2714 fulgore
596 2644 728 2697 claritatis
749 2660 814 2697 suae
834 2648 985 2696 ceterorum
1004 2642 1082 2694 lumi·

107 2718 190 2772 nibus
216 2717 371 2773 offecerant.
421 2720 515 2790 Quid?
542 2721 615 2790 quod
640 2719 775 2774 interdum
801 2718 882 2774 etiam
908 2719 1083 2772 maximarum

107 2791 208 2848 rerum·
221 2794 379 2851 diversitate
400 2796 467 2850 nibil
489 2798 650 2853 movebatur
665 2797 777 2865 antiqua
790 2795 944 2850 credulitas.
969 2796 1013 2848 lta
1025 2801 1082 2848 tan·

108 2870 172 2925 dem
192 2870 351 2926 Herodotus
370 2873 473 2942 primus
494 2881 535 2928 est
555 2881 669 2928 conatus
691 2874 744 2926 duo
767 2871 892 2925 Carmina
911 2871 1012 2926 familia
1026 2871 1083 2924 Ηο-

107 2947 210 3000 merica
229 2964 407 3017 summovere,
430 2949 532 3020 Cypria
561 2956 587 3004 et
613 2951 753 3020 Epigonos
762 2947 807 3018 1⁹),
832 2948 878 3002 alii
903 2947 1000 3002 deinde
1024 2948 1083 3016 Hy·

108 3040 188 3077 mnus
203 3029 230 3078 et
242 3024 305 3092 elia,
320 3025 408 3080 donec
421 3026 526 3080 iudiciis
540 3025 728 3081 nonnullorum
741 3024 985 3080 Alexandrinorum
999 3024 1082 3093 vulgo

110 3229 313 3242 Q*—

184 3352 218 3421 ι“)
240 3353 272 3414 Π,
297 3356 354 3409 117.
378 3352 496 3404 Alterum
518 3353 602 3404 locum
626 3352 768 3402 dubitanter
789 3352 871 3412 addo,
894 3350 939 3412 IV,
963 3352 1014 3412 32,
1038 3351 1083 3402 ubi

108 3423 172 3474 mibi
189 3422 318 3474 interdum
336 3423 404 3474 risus
421 3438 478 3472 sum
495 3421 522 3472 in
541 3421 580 3471 bis
597 3422 688 3482 verbis,
707 3417 763 3470 cll·
776 3415 886 3488 Ἡσιόδῳ
897 3435 920 3471 r.
934 3435 957 3471 τ.
970 3416 993 3469 l.
1005 3435 1082 3471 anno·

108 3490 333 3628 {stiffppllegetrre
352 3489 441 3542 veteris
459 3489 625 3551 Grammatici,
644 3505 694 3541 non
713 3488 843 3541 Herodoti.
877 3490 918 3538 De
935 3487 992 3554 ipsa
1009 3503 1036 3538 re
1049 3486 1082 3540 cl.

129 3599 135 3611 .
230 3575 251 3610 ι.
272 3576 301 3609 ex
327 3599 333 3611 .
