2702 4124
506 344 694 400 ,67-

111 496 320 556 fundamentum
347 501 452 558 desunt.
492 503 600 560 Etenim
626 506 648 561 si
672 507 763 576 priora
781 504 831 575 ἔπη
850 509 941 564 omnia
960 510 1086 565 breviora

111 577 236 643 fuerunt,
259 596 405 650 eorumque
426 580 636 652 vulgandorum,
665 583 745 639 etiam
769 586 854 656 ipsius
881 593 971 641 aetate
995 595 1022 642 et
1042 588 1089 641 diu

112 658 223 720 postea,
246 656 340 709 unicus
360 657 456 711 modus
482 659 534 712 fuit
560 660 671 728 publica
698 662 838 730 recitatio,
864 664 926 718 talis
950 663 1087 731 videlieet,

110 729 190 797 quali
211 730 365 800 rhapsodos
386 734 421 788 ad
443 732 614 805 Cynaetbum
634 755 698 792 usos
726 739 856 808 vidimus;
883 741 906 792 si
930 757 1013 809 porro
1040 742 1088 794 rni-

109 805 184 858 nime
206 807 335 862 credibile
357 816 398 864 est
418 817 446 864 ct
464 811 538 866 nulla
552 815 713 869 auctoritate
728 816 827 883 nixum,
848 816 940 886 plures
962 823 1087 872 cantores

108 897 163 949 per
187 882 295 953 aliquot
320 885 377 941 dies
403 887 461 942 sive
486 888 672 944 hebdomades
699 890 802 946 dierum
827 899 938 946 coactos
968 911 1086 963 unquam

110 973 173 1011 esse
193 959 230 1012 ad
250 967 327 1016 tanta
350 962 476 1020 Carmina
495 965 665 1021 auditoribus
685 968 844 1038 ingerenda3
867 985 936 1038 quae
950 986 1004 1024 una
1016 971 1086 1024 ratio

109 1033 217 1101 fuisset,
240 1043 270 1090 ut
292 1040 452 1110 magnitudo
473 1049 500 1096 et
521 1060 625 1108 summa
645 1061 751 1112 eorum,
778 1062 832 1099 nou
857 1044 945 1100 dicam
966 1062 1086 1116 compre·

108 1111 286 1182 henderetur‚
308 1117 355 1171 sed
377 1116 411 1170 ad
433 1125 580 1173 extremum
600 1119 797 1191 audiretur⁸¹):
830 1123 944 1192 cogitur,
966 1122 1085 1192 iuquam,

109 1193 140 1240 et
162 1187 278 1244 efficitur
298 1194 461 1262 necessario,
483 1196 523 1249 illi
542 1197 661 1251 universi
676 1197 765 1267 operis
780 1198 963 1268 descriptioni,
984 1199 1024 1254 rei
1037 1215 1086 1269 per

108 1280 140 1318 se
161 1263 256 1321 forsan
275 1286 329 1323 non
360 1271 438 1324 nimis
466 1272 582 1339 arduae,
608 1274 721 1329 arduam
747 1275 862 1330 maxime
889 1281 916 1329 et
940 1275 1020 1345 plane
1045 1277 1085 1329 in·

108 1341 285 1398 eluctabilem
310 1347 363 1399 vim
389 1353 503 1403 naturae
530 1349 678 1404 obstitisse.
718 1350 769 1405 His
795 1352 919 1407 omnibus
945 1352 1012 1407 nihil
1039 1353 1084 1407 de-

108 1423 229 1472 tractum
255 1421 380 1476 volumus
401 1423 538 1480 sollertiae
559 1426 643 1494 vatis,
673 1444 744 1496 quae
764 1446 845 1498 quam
865 1447 950 1498 parva
969 1429 1085 1483 sufficiat

107 1494 215 1564 magnis
236 1498 435 1570 voluminibus,
462 1502 607 1557 innumeris
634 1504 803 1559 documentis
823 1511 944 1574 constat3
970 1505 1018 1559 sed
1038 1523 1084 1560 ne·

108 1573 258 1626 cessarium
278 1573 362 1630 fuisse
382 1579 465 1632 tantis
486 1579 613 1649 operibus
634 1581 806 1652 designandis
828 1581 1015 1636 contendimus
1035 1583 1083 1635 mi-

177 1735 211 1800 ⁸²)
228 1737 379 1789 Aristoteles
398 1756 475 1804 quum
493 1736 661 1790 εὐσύνοπτον
679 1745 766 1810 μῆκρς
782 1743 848 1793 vidit
865 1744 892 1793 in
904 1741 984 1794 lliade
1000 1742 1082 1808 (Post.

106 1803 174 1868 tt).
196 1806 244 1856 etei
263 1806 319 1872 ipsa
336 1807 468 1874 longitudo
487 1810 542 1860 eius
560 1809 628 1874 apud
647 1819 744 1861 veteres
767 1812 794 1861 in
818 1810 977 1876 pmverbium
999 1812 1083 1871 cessit,

106 1872 140 1922 de
158 1873 224 1925 lecte
243 1877 280 1925 sic
297 1876 425 1937 iudicavit,
443 1895 494 1928 nou
512 1877 543 1928 de
563 1877 658 1928 audita.
695 1879 845 1944 Quanquam
869 1879 916 1927 boc
938 1877 1008 1942 parri
1025 1895 1081 1929 mo-

103 1941 184 1991 menti
207 1950 254 1994 est.
291 1943 341 1994 Sed
366 1946 478 1997 notabile
499 1954 551 2006 eet,
575 1947 642 2012 quod
665 1946 753 1997 Decor.
774 1947 809 1996 ibi
828 1945 861 1995 ad
883 1963 905 1996 c.
925 1948 967 2001 24.
990 1955 1082 2009 namet,

105 2007 216 2061 llieda
235 2013 366 2064 commode
383 2011 489 2082 perlegi'
497 2031 574 2081 posse
597 2031 646 2064 uno
670 2015 719 2066 die.
753 2015 808 2066 Hoc
826 2031 873 2080 ego
891 2015 981 2081 legens
1006 2031 1082 2083 saepe

106 2077 140 2128 ed
157 2077 280 2131 Iudaeum
297 2080 416 2148 Apellam
441 2083 612 2135 remittebem.
648 2083 772 2134 Similiter
790 2085 963 2149 Twiuingius:
991 2082 1047 2134 For
1065 2101 1082 2133 c

102 2147 328 2212 wapenindeed,
353 2149 374 2201 I
392 2152 444 2203 will
467 2159 509 2202 not
532 2167 581 2216 sup
602 2151 669 2201 rebat
693 2151 769 2217 mipllt
795 2151 824 2202 be
841 2152 916 2213 done,
934 2151 958 2212 it
975 2167 1011 2202 tce
1027 2150 1081 2203 ltcd

103 2214 247 2282 reading
263 2234 358 2270 rccee
376 2227 404 2269 at
423 2219 590 2271 Netcmarket.
620 2219 677 2279 Not.
697 2237 723 2285 p.
741 2221 800 2275 478.
830 2222 865 2270 At
882 2221 904 2270 si
921 2221 963 2271 bic
981 2220 1079 2272 doctis·

103 2287 185 2335 simus
203 2285 239 2334 vir
256 2284 341 2337 locum
358 2288 500 2339 Aristotelis
519 2289 579 2338 inde
596 2305 612 2338 a
629 2289 720 2348 verbis,
741 2283 788 2356 Εἴη
806 2286 829 2338 o*
848 2285 880 2337 ἂν
900 2290 993 2349 τοῦτο,
1011 2298 1080 2340 recte

102 2349 283 2418 interpretetus
301 2363 347 2417 est,
367 2357 443 2407 etiam
461 2358 545 2408 Iliada
563 2365 588 2407 et
606 2355 747 2422 Odysseam
771 2355 1010 2423 εὐσυνοπτοτέρας
1026 2355 1080 2407 fore

103 2422 203 2485 putavit
220 2423 324 2473 criticus
342 2425 518 2492 philosophus,
537 2425 569 2476 ad
587 2426 687 2476 tertiam
705 2435 802 2491 partem
821 2442 937 2475 versuum
961 2433 1078 2475 contrec-

101 2497 149 2540 tas.
186 2491 260 2552 Quod
277 2493 380 2558 quidem
396 2495 656 2560 argumentationibus
674 2495 766 2544 nostris
785 2492 1079 2544 accommodatissimum

102 2567 180 2608 osset.
220 2561 272 2612 Nec
294 2577 325 2611 ea
348 2562 471 2626 sententia
494 2563 597 2612 omniuo
625 2563 732 2627 indigna
755 2570 794 2612 est
816 2560 969 2620 Aristotele,
996 2576 1079 2625 neque

101 2626 209 2693 reliquis
227 2631 367 2694 praeceptis
385 2632 439 2682 eius
458 2633 599 2690 contraria,
622 2631 781 2696 probataque
803 2645 885 2693 nuper
907 2629 982 2679 etiem
1005 2627 1078 2679 elteri

101 2693 234 2762 interpreti
252 2698 321 2749 illius
338 2700 435 2764 operis,
457 2699 527 2764 Pyeo
550 2699 576 2749 iu
595 2697 737 2751 Commeat.
763 2716 788 2764 p.
805 2698 865 2752 458.
899 2695 989 2762 Neque
1007 2713 1078 2747 nuuc

102 2761 192 2814 doetus
211 2767 356 2832 quisquam,
380 2767 522 2818 summariis
540 2767 690 2834 Cypriorum
715 2775 742 2817 et
766 2782 856 2830 persae
874 2765 962 2814 lliedis
986 2781 1077 2832 magno

102 2832 273 2884 emolumento
297 2836 386 2888 herum
410 2837 550 2887 litterarum
573 2835 723 2902 publicatis,
749 2836 781 2884 ud
804 2833 903 2884 Ducerii
927 2833 1077 2883 sententiam

101 2902 252 2968 accesserit,
282 2905 325 2971 qui
348 2923 440 2956 nomen
465 2913 577 2954 ueterum
600 2904 617 2954 l.
637 2919 659 2953 c.
685 2902 779 2953 odilla
803 2901 922 2952 Carmina
945 2901 1076 2953 referebat.

102 2967 157 3019 Sed
175 2968 224 3020 duo
242 2971 471 3038 interpretationem
489 2973 557 3023 illius
575 2973 628 3023 loci
645 2972 747 3022 dubiam
765 2970 868 3030 faciunt,
887 2969 1076 3048 primumquod

101 3036 306 3104 dereliquerunt
324 3039 411 3102 ἐπῶν,
430 3051 488 3092 ante
505 3040 670 3091 Aristotelem
688 3039 800 3105 proxime
824 3037 948 3088 editorum
967 3037 1075 3104 longitu-

103 3106 163 3156 dine
181 3107 269 3158 incerti
287 3126 388 3171 sumus,
412 3119 464 3160 tum
489 3108 557 3176 quod
579 3108 721 3169 nesmmus,
745 3107 805 3175 quid
830 3109 856 3156 in
880 3113 976 3171 tragica
1000 3121 1076 3156 scena

101 3173 178 3225 fuerit
199 3175 248 3236 μία
270 3175 406 3243 ἀκρόασις.
435 3177 476 3245 [cf.
501 3175 631 3227 Bocclrb
654 3177 686 3226 de
710 3184 772 3242 trag.
801 3177 845 3227 Gr.
869 3192 893 3240 p.
912 3171 981 3239 208]
1009 3173 1075 3252 llam

101 3241 223 3309 Diogenis
236 3245 264 3298 Ιι.
277 3245 323 3306 ΙΙΙ,
341 3248 382 3302 56.
400 3247 533 3296 auctoritas
552 3252 610 3310 post
627 3244 829 3295 emendationem
847 3242 930 3294 eximii
949 3241 1005 3302 viri,
1024 3247 1075 3290 rsta

102 3323 211 3375 quatuor
234 3314 335 3364 uomina
359 3317 479 3365 festorum
503 3314 535 3365 ad
554 3312 692 3378 marginem
709 3312 861 3378 relegentis,
886 3310 999 3360 adbiberi
1023 3325 1073 3358 nou

102 3379 222 3441 debebat3
241 3383 291 3433 alia
308 3400 368 3434 vero
387 3383 520 3433 auctoritas
540 3381 625 3440 deest,
648 3397 697 3447 qua
721 3382 777 3430 sine
794 3379 883 3429 erroris
904 3377 1015 3444 periculo
1032 3377 1073 3426 ni·

102 3449 170 3502 rans.
208 3452 280 3502 conf.
308 3449 474 3502 Barthelemii
496 3450 563 3501 Dies.
595 3450 621 3499 in
647 3451 753 3499 Memor.
781 3445 1015 3525 Aced..1uscriptt.
1043 3444 1072 3526 ἸΙ

101 3517 220 3569 XXXIX.
255 3519 304 3570 Hic
321 3529 405 3571 eutem
424 3519 457 3569 ed
478 3521 633 3570 coniecturas
658 3516 806 3582 confugere,
831 3526 879 3565 ctsr
902 3531 1016 3566 summac
1036 3530 1072 3566 rer

102 3598 202 3640 nostrae
219 3590 373 3654 profuturas,
390 3604 441 3638 non
459 3597 537 3641 vacet.

892 3667 920 3706 ὅθ
