2702 4124
498 374 536 387 ..
575 323 689 402 21'..

103 524 237 584 misnen
258 528 300 578 est
319 522 441 592 dubium,
461 523 526 593 quin
544 523 711 594 antiquiores
731 521 793 577 libri
816 541 878 578 curn
896 524 1078 595 grammaticis

104 609 135 655 et
164 601 282 654 metricis
312 601 413 671 regulis
438 607 617 670 congruentes
642 600 773 674 sequendi
802 600 863 654 siut.
911 599 1014 655 Saltem
1038 601 1076 669 id,

104 677 184 748 quod
204 677 288 747 vulgo
309 677 342 730 fit
361 677 527 746 saepissime,
547 683 579 730 ut
598 675 792 746 consequentia
811 676 953 731 modorum
972 682 1077 747 pertur-

102 755 189 808 betur
214 754 243 806 in
267 753 394 808 iunctura
416 752 571 823 aequalium
594 752 789 821 membrorum,
813 753 859 806 vel
878 760 910 807 nt
928 753 1077 823 particulae

103 822 138 876 ἅν
160 848 181 884 s.
202 843 233 877 κε
253 829 372 885 addatur
390 829 552 884 indicativus
577 829 688 884 instanti
707 834 844 898 tempore,
869 845 948 884 nemo
968 831 1020 885 nisi
1039 831 1079 884 in-

103 907 207 960 doctus
219 913 400 976 propagatum
413 907 488 972 velit,
509 907 668 975 praesertim
682 906 710 959 in
725 911 810 974 tauta,
833 922 903 975 quas
916 907 1008 961 multis
1026 923 1078 978 pro

101 983 214 1038 ratione
234 989 284 1051 est,
304 982 427 1037 mutandi
446 982 586 1038 facilitate.

520 1193 523 1198 ’
558 1191 626 1268 ΧΙ.

184 1363 279 1435 Atque
303 1365 371 1422 haec
398 1381 431 1420 ex
457 1381 555 1436 magno
580 1384 692 1423 numero
721 1382 775 1422 non
801 1365 922 1421 studiose
951 1372 1079 1435 excerpta

104 1442 257 1512 specimina
280 1442 401 1513 vulgaris
425 1448 517 1497 textus
545 1445 693 1512 emendati,
723 1449 750 1498 et
769 1459 839 1512 quae
859 1459 914 1496 non
932 1443 1078 1513 ingenium,

105 1517 156 1572 sed
176 1518 302 1574 meliores
323 1520 386 1574 libri
400 1521 591 1590 suggerebant,
613 1523 698 1576 cuivis
711 1520 903 1592 persuadeant,
924 1519 1079 1589 purioribus

106 1595 232 1649 sontibus
252 1596 386 1650 adeundis
406 1613 498 1650 veram
516 1598 629 1654 formam
650 1597 812 1653 Homericae
832 1597 981 1666 scripturae
1001 1611 1079 1649 revo-

107 1672 166 1725 cari
191 1672 327 1742 hodieque
353 1689 444 1742 posse.
488 1671 586 1744 Neque
610 1676 681 1730 hanc
711 1690 786 1744 spem
812 1673 893 1742 eripit
915 1673 996 1726 nobis
1021 1671 1079 1726 lon-

107 1749 212 1818 ginqua
231 1749 302 1803 vatis
321 1755 453 1804 vetustas.
483 1748 552 1806 Nam
573 1751 644 1808 falsa
664 1756 705 1806 est
719 1767 811 1805 sorum
832 1749 933 1818 opinio,
954 1749 1001 1817 qui
1021 1747 1080 1802 sola

105 1825 308 1896 longinquitate
329 1826 458 1894 temporis
482 1829 526 1882 vel
547 1831 690 1884 universae
709 1827 840 1880 historiae
860 1825 940 1878 fidem
960 1824 1078 1893 infringi,

104 1902 152 1954 vel
172 1903 333 1971 scriptorum
360 1903 496 1972 corrumpi
523 1905 720 1976 integritatem,
742 1909 777 1971 et,
798 1909 829 1956 ut
849 1900 969 1970 quidque
989 1901 1078 1954 novis·

105 1978 173 2031 sime
197 1985 303 2048 gestum
324 1979 359 2032 sit
378 1984 426 2032 aut
439 1980 577 2050 scriptum,
598 1983 638 2036 ita
655 1980 822 2041 verissimum
843 1978 1012 2046 meximeque
1032 1992 1078 2047 ge-

105 2055 220 2108 nuinum
246 2055 403 2110 habendum
426 2062 532 2124 putant.
571 2058 614 2112 De
639 2057 721 2111 rebus
745 2055 829 2126 gestis
854 2054 943 2108 dicere
969 2054 1079 2107 omitto:

105 2138 215 2200 tempus
242 2149 275 2186 ac
299 2132 357 2187 dies
383 2132 484 2201 optime
513 2133 629 2188 dedocet
654 2132 779 2188 credulos
800 2133 833 2186 de
853 2132 885 2185 iis
905 2131 984 2201 ipsis,
1008 2147 1079 2200 quae

106 2209 306 2278 propemodum
325 2209 381 2262 suis
402 2209 487 2264 oculis
507 2211 565 2280 geri
584 2211 718 2265 viderunt.
759 2207 867 2278 Scripta
886 2215 977 2261 autern
997 2225 1080 2277 quum

106 2284 175 2338 nihil
201 2285 260 2338 vitii
285 2285 410 2353 trahant,
439 2285 500 2340 loco
524 2305 542 2342 a
569 2287 665 2342 blattis
692 2293 719 2340 et
744 2285 824 2339 tineis
843 2291 903 2339 tuto
925 2283 1035 2338 condita
1053 2285 1081 2336 in

106 2361 227 2428 scriniis,
256 2361 321 2430 quid
350 2362 455 2428 obstat,
476 2380 522 2429 ne,
550 2364 573 2417 si
593 2364 707 2434 diligens
735 2368 762 2416 et
781 2379 835 2416 non
855 2361 933 2414 nimis
952 2361 1079 2429 frequens

107 2437 255 2506 descriptio
275 2437 452 2508 adhibeatur,
479 2440 560 2493 etiam
583 2441 689 2494 amissis
713 2437 889 2508 autographis
909 2437 1079 2507 longissimas

107 2518 213 2568 aetates
234 2513 332 2568 durent
352 2515 409 2568 sine
429 2515 531 2570 maiore
550 2516 641 2570 noxa?
671 2516 737 2569 Eius
758 2532 823 2569 vero
844 2513 949 2584 generis
970 2513 1079 2566 mendo·

108 2606 178 2656 rum,
200 2590 274 2658 quod
291 2607 323 2644 ex
339 2591 435 2646 crebra
455 2600 482 2644 et
494 2593 645 2662 indiligenti
659 2592 841 2661 descriptione
855 2589 981 2644 subnasci
1001 2589 1078 2657 solet,

107 2666 257 2721 remedium
279 2675 404 2736 paratum
420 2674 461 2722 est
480 2669 506 2722 in
528 2669 622 2724 critica
634 2675 701 2736 arte,
717 2669 825 2722 codices
839 2667 1005 2721 diversarum
1024 2683 1080 2720 ma-

107 2760 191 2796 nuum
211 2744 282 2796 inter
302 2759 331 2798 se
352 2750 537 2814 comparante.
579 2745 633 2800 Sed
655 2746 743 2800 bonae
767 2745 832 2798 huic
851 2744 975 2797 fortunae
997 2742 1079 2812 scrip-

106 2826 196 2873 torum
217 2819 409 2890 plerorumque
430 2822 547 2875 omniurn
572 2839 642 2876 anne
662 2822 798 2876 confidere
818 2819 911 2874 licebit
931 2820 959 2872 in
977 2819 1078 2874 Home·

106 2896 188 2950 ricis‘l

185 2972 294 3027 Licebit
314 2972 388 3028 haud
409 2973 505 3041 dubie,
526 2974 577 3028 nisi
597 2974 667 3030 haec
687 2975 811 3044 proprias
832 2973 963 3044 quasdam
984 2973 1080 3044 depra-

109 3050 232 3104 vationes
253 3050 397 3119 multoque
424 3051 515 3118 plures
541 3057 568 3104 et
586 3053 725 3122 graviores
749 3051 947 3105 vicissitudines
967 3059 1080 3120 experta

108 3133 178 3180 sunt.
218 3125 324 3178 Verum
349 3127 372 3180 si
397 3126 441 3179 vel
462 3144 494 3180 ex
514 3144 547 3181 ea
566 3145 610 3196 re,
632 3127 706 3197 quod
725 3127 877 3182 emendatio
898 3127 1004 3180 illorum
1025 3145 1079 3181 ma·

108 3203 244 3257 tutissime
275 3201 350 3272 apud
377 3200 498 3257 Graecos
524 3210 588 3260 nata
613 3211 654 3258 est
679 3210 707 3258 et
734 3205 885 3272 celebrata,
912 3203 1079 3273 intelligitur,

108 3280 182 3349 ipsos
214 3279 267 3333 iam
293 3280 444 3349 antiquitus
473 3282 591 3334 caruisse
623 3281 688 3335 satis
719 3281 841 3351 genuinis
872 3280 1078 3349 exemplaribus,

110 3356 190 3424 uude,
213 3356 259 3425 qui
280 3355 390 3422 vellent,
411 3372 484 3410 nova
498 3357 697 3426 exscriberent;
718 3359 741 3410 si
755 3359 857 3427 primae
878 3356 970 3410 statim
988 3372 1079 3409 recen·
1184 3365 1189 3373 '

111 3433 208 3500 siones,
228 3433 296 3486 artis
318 3433 427 3487 criticae
448 3434 568 3487 nondum
588 3434 678 3488 cultae
697 3434 903 3501 meditamenta,
924 3432 991 3485 mire
1010 3433 1080 3486 inter

112 3525 140 3562 se
167 3508 356 3578 discreparent
386 3509 508 3579 plurimis
541 3511 636 3578 rebus,
662 3511 854 3580 vulgatumque
882 3511 908 3563 in
934 3508 1080 3564 eruditiore

113 3583 230 3640 Graecia
250 3585 495 3640 conformationem
513 3591 604 3641 textus
625 3587 731 3641 demum
750 3593 816 3655 post
834 3585 1011 3639 Aristotelem
1031 3585 1080 3640 ali-
