2694 4116
496 319 708 379 -12t-

111 499 198 553 quum
223 477 423 538 Grammaticus
451 483 620 554 provinciam
649 501 726 539 suam
755 502 880 557 egresm
908 487 1089 545 constantiam

112 575 180 613 osus
201 557 350 614 inflecteret
368 559 404 614 ad
425 561 542 630 speciem
563 561 698 630 quandam
719 565 874 634 analogiae,
900 573 928 621 st
951 566 978 620 in
999 561 1088 638 ipsum

15 639 19 718 f
111 635 254 690 dominum
273 634 383 707 linguae
402 635 544 692 affectaret
563 636 756 710 imperiumn).
804 641 885 698 Adde
906 643 1038 714 denique,
1060 641 1088 697 id

111 887 171 937 dem
197 892 254 952 post
276 886 360 951 ipsum
383 885 457 937 unice
478 884 591 951 legitima
613 887 765 952 penetratum
790 883 815 946 ξ.
838 889 897 942 469.
919 888 986 954 quod
1011 890 1088 942 verbo

109 951 243 1022 γεγώνειν
263 953 388 1004 addiderit
404 971 490 1005 casum
509 964 640 1018 quartum:
659 953 684 1004 ia
703 972 754 1020 quo
771 963 838 1006 certe
855 973 905 1006 non
924 957 1007 1023 potuit
1025 972 1088 1008 coo·

15 1069 17 1082 1
110 1030 185 1074 stans
202 1039 267 1082 esse,
285 1037 365 1087 quum
384 1021 436 1082 itta,
456 1021 585 1072 Δαναοῖσι
602 1019 746 1087 γεγωνώς,
773 1017 897 1091 Τρώεσσι
918 1022 1048 1091 γεγωνώς
1064 1031 1090 1076 et

110 1089 211 1142 similia
229 1091 304 1156 plura
327 1090 403 1140 talem
427 1093 592 1140 mutationem
618 1100 779 1157 imputarent:
802 1105 826 1156 γ’.
851 1095 893 1146 71.
915 1095 957 1148 92.
980 1108 1005 1160 η.
1032 1097 1089 1148 tta.

111 1159 184 1226 quod
203 1157 329 1220 ἀμείνων,
343 1155 456 1223 γλυκίων
475 1166 501 1209 et
519 1159 571 1210 alla
588 1159 665 1208 huius
683 1161 779 1209 lormae
791 1160 920 1226 scripserit
931 1163 986 1212 sine
998 1163 1090 1212 ultima

109 1227 211 1286 littera,
230 1224 341 1290 ἀμείνω,
358 1224 457 1291 rivatim
476 1226 547 1291 [num
567 1225 763 1278 accusativorum
781 1227 928 1296 quoquo'lJ:
953 1247 1003 1296 quo
1027 1246 1089 1281 sane

110 1294 178 1346 nihil
197 1295 332 1347 absurdius
351 1304 389 1346 eat
406 1308 432 1346 et
455 1294 591 1356 analogiae
613 1295 696 1360 magis
719 1312 875 1362 repugnans:
900 1296 928 1360 β,
952 1299 994 1352 36.
1020 1299 1088 1365 quod

110 1364 194 1414 verba
218 1363 355 1430 singularis
377 1367 477 1413 numani
501 1363 596 1429 ultique
619 1379 675 1413 cum
698 1364 842 1415 nominibus
865 1368 961 1416 neutris
983 1367 1089 1433 pluralis

110 1431 235 1492 iunxerit,
259 1449 289 1482 ex
312 1430 414 1498 vulgari
436 1433 631 1491 consuetudine,
656 1449 730 1496 quam
755 1431 779 1482 in
801 1433 860 1483 aliis
886 1450 988 1501 querque
1014 1436 1089 1486 rebus

111 1516 247 1567 perperam
265 1508 367 1551 secutus
384 1500 489 1550 ridetur.
525 1499 601 1550 Utin
626 1499 784 1551 anacoluthis
808 1501 981 1565 expellendis,
1005 1503 1089 1570 qualis

110 1571 225 1635 pessima
243 1569 298 1619 eius
315 1568 456 1619 emendatio
475 1578 514 1619 est
533 1566 551 1625 ζ
573 1569 633 1624 511.
650 1563 726 1635 ῥίμφ’
745 1567 778 1617 ἑὰ
794 1571 881 1636 γοῦνα
892 1569 981 1638 φέρει,
994 1572 1026 1622 de
1038 1587 1089 1635 qua

114 1635 146 1688 ei.
167 1638 201 1687 ad
220 1653 241 1686 o.
259 1639 319 1690 405.
336 1653 364 1704 ρ.
382 1639 441 1692 700.
466 1652 488 1686 σ.
512 1638 583 1696 148.;
607 1646 635 1687 ut
657 1638 681 1686 in
707 1639 817 1717 nqmbris
840 1639 961 1690 orationis
977 1640 1010 1691 ad
1029 1657 1089 1705 pro-

112 1705 212 1755 saicam
232 1703 382 1770 σονάφειαν
401 1705 537 1755 vinciendis
556 1722 601 1771 per
619 1707 763 1772 participia,
782 1709 900 1772 tanquam
912 1703 941 1769 β.
957 1709 1014 1762 187.
1034 1704 1089 1758 Σὺν
1181 1705 1185 1712 “

111 1778 153 1840 τῷ
173 1770 238 1837 βάς,
257 1770 281 1830 ξ’.
303 1777 358 1827 tot.
377 1771 513 1834 aucuerre,
525 1775 567 1824 ubi
587 1774 652 1823 banc
670 1784 755 1824 monet
773 1773 860 1824 Schul.
890 1774 958 1824 ldem
977 1784 1087 1836 notatur,

111 1843 183 1908 quod
207 1843 324 1893 nescierit
341 1841 481 1892 Homerum
505 1838 688 1910 παραλλήλοις
709 1838 818 1890 τάττειν
841 1839 893 1899 τὰς
914 1840 1088 1906 ἰσοδυναμού-

111 1925 166 1965 σας
183 1906 284 1970 λέξειςς
302 1927 329 1961 π.
347 1912 405 1965 666.
424 1926 452 1976 φ.
475 1909 512 1964 17.
532 1921 557 1962 et
574 1911 643 1969 alibi,
662 1910 730 1976 quod
748 1909 855 1976 figuram
880 1908 948 1960 rard
971 1911 1004 1961 τὸ
1029 1927 1088 1962 σιιο·

110 1975 240 2038 πώμενον
259 1995 310 2028 non
327 1979 482 2040 custodierit,
501 1990 585 2030 notatu
604 1978 679 2028 etiarn
692 1995 706 2028 e
719 1978 775 2028 Lat.
788 1977 938 2029 Scholiastis
950 1992 997 2033 eto.
1023 1979 1089 2030 Nam

111 2048 173 2096 satis
192 2046 239 2097 illa
255 2046 363 2108 docent,
382 2064 457 2114 quam
482 2049 564 2098 multa
587 2047 725 2097 debeamus
745 2047 938 2107 Grammaticis,
960 2047 1092 2099 zenodoro-

111 2114 309 2180 posterioribus,
330 2115 374 2180 qui
390 2116 453 2165 haec
475 2119 575 2174 omnia,
599 2131 664 2181 quae
686 2113 719 2164 ad
741 2115 926 2180 grammaticam
945 2113 1088 2184 ἀκρίβειαν

112 2191 139 2233 et
157 2182 249 2233 bonam
268 2183 502 2248 interpretationem
521 2193 643 2250 spectant,
661 2183 693 2232 ad
711 2184 817 2232 rectiora
834 2196 968 2249 praecepta
981 2199 1088 2235 revoca·
1169 2217 1171 2220 -

112 2257 182 2300 runt.
218 2252 258 2300 Ao
276 2251 400 2301 nonnulla
417 2251 517 2302 illorum
535 2252 648 2319 profecto
666 2251 775 2318 permira
792 2263 853 2302 etrrrt
868 2253 893 2300 in
906 2251 1006 2310 critico,
1019 2257 1088 2319 prae·

111 2317 201 2368 sertim
219 2334 259 2378 eo,
276 2319 319 2386 qui
338 2321 392 2384 ipe
411 2335 498 2370 versus
516 2329 645 2386 pungeret,
665 2323 771 2370 maxime
789 2313 898 2386 ἄμετρα
915 2321 1048 2385 quaedam,
1061 2326 1089 2370 ut

113 2385 197 2438 crat.
219 2387 260 2441 27.
282 2389 338 2441 165.
374 2385 392 2444 ζ
415 2389 458 2442 34.
495 2388 1086 2454 v.1T2.,qualiatamennooeuntintrllrus

110 2453 320 2572 ΕρίμῶααΙιΙιαεῐίε,
339 2471 404 2520 quae
422 2458 469 2507 sub
487 2458 542 2507 aius
560 2459 779 2508 nomine‘exetant
795 2455 955 2507 inBtunclrii
974 2455 1088 2506 Analec-

111 2523 154 2588 tis,
195 2558 203 2574 .
247 2542 297 2590 .p.
316 2525 357 2576 61.

181 2605 215 2674 ⁷⁸)
232 2603 273 2658 Er
292 2609 340 2658 hoc
356 2610 426 2660 fonte
444 2625 560 2662 manasse
577 2609 696 2661 videnlur·
713 2625 810 2659 errores
828 2609 912 2674 plures
931 2626 961 2660 cx
972 2607 1092 2674 superio·

110 2678 192 2737 ribus,
211 2685 236 2727 ct
253 2679 279 2728 hi
297 2681 413 2746 maxime,
437 2681 463 2729 in
486 2678 643 2728 declinandis
668 2679 857 2742 pronominibus
880 2679 1006 2728 commissi
1025 2692 1041 2725 a
1058 2677 1088 2726 Z.

113 2746 187 2808 Quos
206 2763 282 2811 quum
301 2758 389 2796 notant
408 2745 581 2807 Seuerianae,
599 2747 734 2796 insolentia
752 2747 788 2795 rei
806 2747 878 2804 lacit,
898 2757 926 2796 ut
950 2748 995 2795 hos
1020 2745 1091 2811 ipsos

112 2815 224 2882 primum
243 2817 330 2880 lageos
350 2828 460 2864 monstra
478 2816 575 2880 fingere
593 2824 671 2880 putet.
708 2813 772 2863 Nam
790 2811 819 2876 β.
838 2815 896 2867 239.
915 2831 937 2864 τ.
955 2815 1015 2867 384.
1039 2827 1089 2862 tra·

112 2883 179 2934 dunt
201 2882 273 2932 illurn
301 2882 402 2933 dedisse
426 2882 475 2932 ἑοῦ
499 2901 543 2948 pro
565 2885 674 2948 genitivo
697 2882 812 2948 primitivi
830 2883 987 2948 pronominis
1005 2877 1043 2940 ἕο,
1061 2877 1089 2931 d.

112 2952 173 3006 377.
189 2965 218 3018 χ.
238 2952 295 3003 tto.
315 2953 378 3001 νῶϊν
398 2969 443 3017 pro
463 2955 604 3001 accusativo
624 2952 680 3007 νῶϊ,
699 2967 725 2999 α.
745 2951 802 3004 336.
825 2951 911 3015 σφῶιν
935 2966 980 3015 pro
1005 2964 1089 2998 accus.

113 3020 196 3086 σφῶϊ,
213 3033 241 3079 μ.
259 3019 317 3070 366.
336 3023 414 3083 σφῶε
432 3036 477 3083 pro
496 3019 649 3068 nominativo
666 3017 789 3067 secundae
802 3035 924 3084 personae
936 3019 1016 3083 σφῶϊ,
1029 3020 1090 3066 item

111 3088 139 3138 in
157 3087 231 3137 tertia
249 3104 357 3152 persona
376 3103 401 3138 α.
420 3089 444 3141 8.
462 3103 484 3138 κ.
504 3088 562 3140 546.
582 3088 658 3152 σφῶϊ
673 3103 716 3150 pro
735 3088 820 3151 σφῶε,
839 3087 906 3153 quod
926 3100 1089 3153 postremum,

111 3164 141 3206 ut
157 3156 257 3205 valdius
276 3155 373 3217 mirere,
392 3174 408 3206 a
426 3156 532 3206 Seleuco
551 3157 683 3222 probatum
702 3170 732 3204 ae
750 3155 900 3205 refutatione
919 3156 1023 3222 dignum
1042 3152 1088 3200 ha-

112 3226 194 3275 bitum
213 3231 252 3273 est
271 3223 302 3273 ab
320 3224 433 3290 Apollou
453 3227 526 3276 Alex.
551 3224 582 3273 de
607 3225 676 3290 Syut.
696 3223 727 3272 ll.
745 3241 769 3287 p.
792 3226 847 3277 167.
886 3222 925 3272 Ex
948 3225 1089 3285 eodemque

112 3293 245 3355 discimus,
262 3290 289 3340 id
308 3295 376 3356 quod
395 3293 506 3342 varietati
525 3293 551 3340 iu
569 3309 599 3341 ut.
618 3293 677 3346 486.
697 3290 788 3356 Odyss.
807 3308 829 3341 τ.
841 3293 899 3347 358-
914 3291 1022 3353 6111Ιί111,
1035 3304 1089 3338 tum

111 3360 248 3412 Ammonio
266 3377 288 3410 r.
308 3359 383 3421 ἐμεῖο
403 3368 429 3412 et
446 3360 507 3410 σοῖο
525 3362 672 3426 explicando
691 3363 800 3425 prode-t,
812 3359 966 3410 Zenodotom
986 3373 1087 3426 posses·

111 3429 169 3481 aira
194 3429 270 3489 ἐμοῖο
294 3439 320 3479 et
342 3429 402 3479 σοῖο
426 3441 537 3478 mutasse
561 3431 585 3477 iu
615 3430 739 3491 primitiva
761 3425 838 3488 ἐμεῖο
861 3443 887 3478 et
911 3430 978 3477 σεῖο.
1024 3424 1089 3475 vida

112 3494 231 3563 Apollon.
251 3496 269 3548 l.
287 3514 308 3548 c.
328 3515 352 3563 p.
374 3499 429 3552 165,
448 3498 492 3546 ubi
510 3498 578 3564 quod
601 3497 663 3546 dicit
685 3493 735 3552 τὰς
756 3493 869 3562 γραφὰς
886 3495 937 3555 εἰς
959 3491 990 3545 Ζ.
1016 3491 1089 3543 ἀνα·

112 3563 305 3632 φέρεσθαι,
323 3567 400 3633 plane
418 3567 499 3630 docet,
519 3568 655 3632 scripturas
673 3563 829 3617 Zenodeteae
841 3569 891 3617 iam
904 3565 1094 3616 Antoninorum,
