2694 4116
505 311 716 365 -153-

117 469 194 526 circa
212 466 235 524 si
256 483 289 520 ex
307 465 361 520 illis
381 466 508 536 exemplis
528 467 593 522 solis
614 471 793 539 spectandam
812 474 891 530 nobis
910 482 982 532 esset
999 476 1095 534 Critici

116 545 201 601 huius
220 544 370 613 ingenium,
394 544 471 598 locus
492 551 564 598 esset
583 545 713 618 mirandi,
742 549 808 618 quid
835 552 861 605 ei
881 571 999 624 unquam
1020 557 1095 626 apud

65 639 66 644 ¹
117 622 217 678 doctos
241 619 363 674 homines
387 625 490 676 tantam
515 622 629 676 nominis
649 624 765 693 gloriam
785 627 955 684 confecisset
997 631 1095 703 Neque

117 717 187 754 vero
207 715 251 754 res
271 714 304 750 ex
324 696 437 750 totidem
459 697 536 752 bonis
558 699 719 755 coniecturis
740 701 813 757 illius
833 705 949 776 intelligi
963 709 1029 762 satis
1044 726 1094 779 po-

116 781 189 842 test,
209 775 310 846 quippe
330 790 414 842 quum
433 790 533 840 earum,
554 793 625 846 quae
646 777 801 848 traduntur,
827 780 901 836 nulla
922 800 954 837 eo
976 785 1094 840 emineat

115 852 251 920 acumine,
271 849 345 921 qnod
365 850 393 902 in
411 850 577 906 felicioribus
596 855 682 907 nostri
702 856 832 924 temporis
847 855 953 913 Criticis
973 861 1090 916 admira·

115 927 230 999 mur³⁶).
270 928 362 998 Quare
386 928 520 982 fateamur
542 929 672 1000 ingenue,
698 931 829 1002 quidquid
846 935 975 1007 ,undique
1003 953 1094 992 corra-

117 1131 151 1186 ἄν
171 1151 251 1203 φησιν
270 1132 449 1202 ’Λρίσταρχος
461 1131 636 1187 ὀνειδίστικον
649 1133 727 1194 εἶναι,
740 1131 818 1202 εἴπερ
831 1136 921 1196 οὕτως
932 1137 1094 1207 ἐγέγραπτο,

109 1200 242 1271 Ἕκτορος
258 1196 279 1252 ὦ
298 1201 331 1272 δὴ
349 1201 430 1260 κῦδος
446 1199 583 1263 Ὀλύμπιος
601 1203 687 1262 αὐτὸς
703 1203 808 1264 ὀπάζει,
826 1214 852 1257 et
863 1207 895 1257 ad
908 1224 935 1258 π.
948 1205 1095 1271 636.”Αμει-

117 1290 166 1324 νον
190 1268 223 1321 ἂν
238 1253 322 1354 Ιελχε,
345 1268 426 1340 φησίν
450 1271 464 1320 ὁ
487 1269 672 1342 Ἀρίσταρχος,
696 1272 722 1323 εἰ
747 1273 913 1341 ἐγέγραπτο,
937 1273 1032 1339 βοῶν
1059 1275 1097 1329 εὖ

117 1356 309 1407 ποιηταινν,
328 1341 384 1392 sine
402 1340 503 1406 copula,
521 1359 595 1407 quam
614 1345 692 1394 etiam
706 1342 822 1394 Eustath.
835 1360 885 1393 non
897 1348 1020 1410 agnoscit.
1044 1346 1095 1396 Sed

117 1427 204 1461 errare
223 1409 285 1460 mihi
302 1427 352 1460 non
372 1409 463 1470 videor,
482 1409 504 1458 si
522 1409 580 1462 huic
598 1413 685 1478 generi
709 1411 755 1461 has
781 1428 882 1478 quoque
905 1413 1095 1466 emendationes

118 1495 268 1530 annumero.
308 1475 336 1528 θ.
361 1479 419 1532 233.
444 1479 537 1528 iactant
563 1481 653 1530 Graeci
676 1479 742 1530 inter
766 1479 863 1545 pocula,
887 1498 1095 1548 unumquemque

117 1563 181 1598 snas
199 1547 283 1612 gentis
302 1547 383 1596 solum
408 1562 464 1596 cum
485 1548 535 1600 100
555 1547 595 1598 sel
621 1549 672 1603 200
689 1547 805 1599 Troianis
828 1564 1020 1612 compressurum
1044 1566 1095 1602 esse

118 1615 149 1664 ιἰι
170 1613 274 1678 proelio.
315 1615 378 1665 Nam
404 1614 471 1664 hunc
494 1632 597 1668 sensum
620 1615 716 1667 habent
739 1617 828 1679 rerba,
853 1611 915 1666 ἄνθ’
941 1617 1037 1668 ἑκατόν
1063 1634 1095 1668 τε

119 1682 258 1751 διηκοσίων
277 1699 318 1744 τε,
333 1683 349 1733 i.
368 1700 390 1732 e.
408 1677 476 1731 ἅντα
496 1684 595 1734 adverb.
616 1701 728 1751 proquo
753 1702 829 1748 saepe
853 1683 943 1736 ἀντίον
968 1705 988 1738 s.
1012 1685 1091 1737 ἀντία

118 1751 221 1802 dicitur.
264 1750 315 1803 Sed
338 1750 401 1801 haec
426 1751 568 1802 Aristarcho
592 1752 670 1803 nimia
692 1752 825 1802 ridebatur
846 1753 978 1816 iactantia,
1001 1755 1043 1805 vel
1067 1757 1093 1805 iu

118 1819 206 1878 ebriis,
220 1821 327 1886 soloque
346 1828 432 1869 tenore
450 1819 547 1871 abiecto
567 1821 684 1881 correxit,
704 1820 794 1871 leniter
812 1821 922 1881 scilicet,
940 1819 1011 1882 ἀνθ’,
1033 1825 1049 1873 ί.
1069 1839 1090 1873 e.

116 1885 182 1937 ἀντί
197 1905 322 1955 praepos,
340 1895 368 1936 ut
381 1888 520 1938 modestius
533 1889 694 1950 minarentur,
707 1890 783 1939 verbo
795 1897 878 1951 tenus,
890 1906 1093 1956 unumquemque

118 1955 173 2006 200
194 1955 366 2006 Troianorum
378 1954 559 2020 fortitudinem
577 1965 757 2022 aequaturum,
775 1955 897 2024 λσοβαρῆ
916 1953 1030 2008 ἕκαστον
1047 1973 1091 2024 γε·

116 2023 252 2090 νήσεσθαι
270 2021 366 2074 ἑκατὸν
386 2021 402 2090 ἢ
421 2021 574 2075 διακοσίων.
602 2024 652 2076 Hic
671 2033 696 2075 et
715 2026 800 2076 multis
814 2026 871 2076 aliis
884 2026 949 2076 locis
963 2043 993 2076 ex
1005 2026 1090 2077 Schol.

116 2093 200 2143 lucem
218 2093 313 2159 accipit
330 2091 449 2158 Apollon.
468 2093 529 2144 Lex.
547 2110 569 2143 v.
587 2091 655 2144 ἀντί.
694 2089 721 2143 θ.
741 2096 800 2147 417.
819 2093 925 2158 pluralis
944 2097 1012 2160 νῆας
1035 2095 1088 2145 dis-

115 2161 209 2228 plicuit
228 2159 381 2219 Aristarcho,
400 2162 460 2224 quia
478 2161 551 2211 modo
570 2161 664 2212 dictum
682 2170 763 2219 esset.
790 2155 832 2211 Ta
856 2159 885 2210 θὲ
906 2164 991 2229 μιῆς
1012 2159 1092 2229 περὶ

116 2227 201 2296 νηὸς
224 2226 285 2298 ἔχον
311 2225 405 2287 πόνον,
438 2229 495 2278 ideo
520 2229 621 2293 scripsit
644 2231 701 2297 νῆα.
742 2225 856 2296 tatae
882 2230 964 2281 eidem
988 2231 1092 2281 verbum

115 2295 290 2363 ταρπώμεθα
309 2295 375 2346 male
393 2297 527 2348 convenire
545 2297 674 2348 ridebatur
692 2298 805 2348 fortunas
819 2298 923 2358 Priami,
937 2299 1092 2364 correxitque

114 2363 295 2426 παυσώμεθα,
314 2363 382 2429 quod
400 2364 490 2415 deinde
508 2376 640 2431 receptum
658 2375 697 2417 est
714 2384 729 2415 a
747 2367 842 2417 multis.
871 2367 905 2416 At
923 2365 1022 2416 nullum
1036 2369 1091 2416 eius

115 2450 220 2483 acumen
238 2433 355 2500 frigidius
374 2440 423 2493 cst,
443 2451 518 2498 quum
535 2434 613 2497 illud,
633 2434 765 2500 explosum
782 2435 814 2484 ab
832 2435 887 2500 ipso
906 2433 1047 2492 hlnstathio,
1066 2449 1089 2486 ε.
1162 2479 1164 2483 .

114 2502 174 2556 860.
193 2511 218 2552 at
237 2498 261 2558 ξ.
283 2501 350 2560 148..
373 2501 417 2550 uhi
441 2502 550 2553 Martem
573 2513 598 2552 et
620 2501 768 2568 Neptunum
792 2519 842 2552 non
867 2509 895 2552 ut
919 2499 1093 2569 ἐννεαχίλοος

114 2570 131 2688 p
152 2567 309 2639 θεκαχίλοος
326 2566 459 2620 vociferari
477 2571 584 2631 volebat,
604 2571 648 2620 sed
668 2580 696 2621 at
715 2567 797 2618 ἐννεα
817 2567 907 2626 είλοος
929 2568 946 2636 ἢ
971 2567 1091 2638 δεκαχεί·

131 2655 187 2696 ους.
224 2637 450 2689 corcoriacum
468 2638 597 2688 simillime
614 2648 652 2689 est
669 2638 720 2689 ista
738 2637 763 2687 in
781 2587 855 2688 ldiud.
877 2637 952 2703 Pyth.
971 2635 1017 2696 Ill,
1036 2639 1088 2697 76„

114 2706 265 2786 ubi'saltus,
284 2707 316 2756 ab
331 2705 452 2790 ¹Apolline
469 2707 537 2770 iacti,
556 2707 721 2788 granditatem
739 2707 853 2766 horrens,
873 2721 918 2772 pro
935 2702 1041 2767 βάματι
1061 2705 1090 2754 ἐν

114 2790 217 2904 liiii
234 2771 536 2908 tttttltlttit
551 2773 1091 2909 tttttrclzttttttt,tlttiit?

114 2919 141 2963 et
160 2929 178 2962 ι.
196 2912 254 2964 242,
274 2909 384 2977 praefert
401 2909 510 2979 πλῆσαι,
527 2926 552 2977 γ.
571 2913 631 2964 406.
643 2908 752 2959 ἀπόεικε
764 2908 904 2971 κελεύθου,
919 2907 942 2958 δ.
957 2911 1014 2964 260.
1028 2925 1091 2977 κρη·

114 2982 189 3047 τῆρι,
206 2981 264 3034 456.
283 2976 371 3038 πίνος,
390 2996 407 3029 ι.
427 2984 468 3035 lu.
486 2977 559 3042 τότε,
576 2981 635 3033 401.
654 2975 721 3041 ἐμοί,
739 2993 768 3038 μ.
788 2981 845 3033 161.
857 2975 1043 3041 βαλλομένων,
1061 2977 1091 3040 ψ.

114 3049 175 3103 306.
192 3043 315 3103 ἐδίδαξεν
335 3057 382 3097 etc.

183 3115 216 3181 θ’)
233 3115 322 3180 Longa
338 3132 403 3180 opus
419 3119 454 3167 sit
472 3116 618 3166 inductione
629 3113 810 3180 exemplorum,
824 3123 853 3165 ut
865 3114 930 3165 illud
942 3115 1020 3182 plane
1033 3129 1088 3180 pro·

114 3187 172 3237 bem
189 3183 333 3235 lectoribus.
364 3183 439 3250 Ergo,
458 3194 486 3234 ut
503 3182 656 3250 praecidam,
668 3198 714 3232 noc
726 3183 862 3248 anticipem
875 3198 912 3243 ea,
929 3199 994 3250 quae
1006 3183 1090 3232 locum

114 3253 262 3320 poscentia
280 3251 381 3318 proprio
400 3251 594 3311 Commentario,
612 3253 781 3302 coniecturam
805 3251 908 3300 afferam
934 3267 1009 3301 unam
1035 3266 1090 3299 om·

113 3325 193 3383 nium,
212 3336 276 3386 quae
293 3320 438 3372 Aristarcho
456 3320 616 3380 tribuuntur,
634 3319 796 3369 scitissimum
814 3329 841 3369 et
864 3317 1090 3384 elegantissimam,
1135 3319 1137 3323 ’

113 3390 139 3440 in
158 3406 182 3441 σ.
201 3391 260 3444 207.
287 3387 326 3438 Ibi
344 3405 422 3454 quum
441 3398 468 3440 et
484 3389 540 3456 ipse
558 3388 583 3438 in
595 3394 664 3438 textu
677 3387 805 3451 vulgatam
817 3388 966 3452 scripturam
978 3393 1090 3436 nostram

113 3457 234 3518 dedisset,
253 3472 310 3507 mox
328 3457 370 3509 rel
387 3457 413 3508 in
430 3457 526 3508 scholis
543 3455 582 3508 sel
601 3456 627 3506 in
647 3452 817 3521 ὑπομνήμασι
835 3471 934 3506 versum
952 3453 1091 3505 correxisse

114 3525 151 3577 sia
168 3525 275 3578 dicitur:
