2702 4124
659 315 851 369 -68-

268 474 408 530 nisteriurn
428 490 556 530 manuum
575 477 604 528 et
622 473 815 542 instrumenta,
843 472 941 544 quibus
967 473 1015 529 illa
1034 478 1130 528 notata
1148 472 1242 542 aliquo
1329 517 1330 524 ,

269 550 364 618 modo,
392 549 483 604 statim
508 549 590 620 vulgo
619 553 668 604 aut
692 549 788 604 saltem
815 550 910 620 paucis
937 549 1115 604 familiaribus
1135 549 1243 618 integra

269 627 446 682 traderentur.
486 625 519 684 Id
540 627 676 680 Homerus
704 625 809 680 efficere
836 644 890 680 non
919 627 1053 696 potuisset
1080 627 1167 680 decem
1192 626 1243 678 liu-
1329 647 1330 688 j

268 702 337 774 puis,
357 705 454 773 seusu
479 721 541 757 voce
567 710 594 757 et
620 702 709 756 oenus
734 701 922 773 latmsbus⁸³lq
948 703 994 758 hic
1020 702 1072 772 ipsi
1098 702 1244 773 graphium
1329 697 1330 734 l

270 797 339 850 opus
359 785 417 834 erat
437 787 464 834 et
486 780 606 835 tabulae.
646 777 739 846 Quid?
769 778 858 850 quod,
884 779 908 833 si
932 779 1004 833 forte
1023 779 1066 833 his
1086 779 1243 844 instructus,

269 873 339 911 unus
363 857 392 911 in
418 856 528 911 saeculo
554 873 619 924 suo,
638 855 732 910 Iliada
759 861 787 910 et
811 854 962 926 Odysseam
986 856 1039 909 hoo
1065 861 1160 909 tenore
1184 871 1243 924 per·
1329 881 1330 888 ι

270 932 414 1000 texuisset,
443 933 471 986 iu
496 938 646 987 ceterarum
676 931 909 1002 opportunitatum
928 933 1042 1002 penuria
1061 932 1163 986 similes
1183 930 1244 984 illae

271 1011 385 1064 fuissent
411 1009 514 1079 ingenti
538 1009 663 1078 navigio,
689 1007 763 1078 quod
791 1009 851 1078 quis
878 1009 905 1062 in
925 1009 1012 1079 prima
1032 1008 1151 1063 ruditate
1171 1008 1245 1063 navi-

272 1085 391 1158 gationis
404 1085 553 1140 labrioatus
566 1085 594 1138 in
609 1085 671 1139 loco
685 1085 893 1154 mediterraneo,
914 1085 1045 1140 machinis
1060 1091 1087 1140 et
1100 1084 1245 1156 phalangis
1329 1111 1330 1142 1

274 1162 309 1217 ad
329 1161 552 1233 protrudendum,
573 1167 655 1231 atque
676 1161 745 1216 adeo
765 1163 832 1216 mari
858 1169 978 1230 careret,
1004 1162 1031 1214 in
1059 1178 1114 1231 quo
1143 1161 1246 1230 experi-
1329 1151 1330 1168 ¹

272 1245 393 1296 mentum
412 1254 478 1292 suae
497 1239 564 1294 artis
584 1244 704 1308 caperet.
748 1237 811 1294 Non
831 1237 1058 1306 commemorabo,
1080 1255 1163 1308 quam
1182 1242 1246 1306 apte
1329 1251 1330 1280 1

272 1318 327 1370 sint
350 1316 378 1368 in
404 1315 509 1369 artibus
529 1314 697 1370 Graecorum
722 1331 814 1369 omnes
843 1315 944 1385 gradus
969 1319 997 1368 et
1023 1330 1167 1368 successus
1187 1314 1248 1367 nexi
1329 1333 1330 1342 ¹

272 1394 343 1447 iuter
366 1407 395 1445 se
422 1397 450 1444 et
475 1391 522 1446 alii
541 1392 601 1445 aliis
621 1390 799 1461 praemuniti,
827 1400 872 1459 ut,
900 1408 949 1445 cur
975 1391 1090 1460 quisque
1116 1395 1248 1460 sequatur

274 1470 409 1537 deinceps,
432 1483 465 1521 ex
484 1468 623 1537 superiore
643 1467 688 1521 via
708 1474 735 1522 et
757 1468 941 1522 antecessione
968 1483 1110 1522 causarum
1130 1466 1248 1536 intelligi
1329 1465 1330 1522 l

272 1545 369 1616 possit.
402 1543 527 1613 Exempli
547 1544 645 1612 gratia,
656 1561 772 1613 pronum
790 1543 842 1599 luit
856 1544 965 1614 ingenio
981 1542 1098 1611 Graeco,
1114 1559 1148 1600 ex
1163 1543 1248 1613 epicis
1329 1545 1330 1558 ¹

273 1624 380 1683 ἀοιδαῖς
399 1620 529 1674 mutanda
547 1619 635 1674 forma
655 1637 744 1675 serere
764 1621 898 1675 scenicam
918 1620 1053 1687 fabulam,
1083 1625 1112 1674 et
1137 1619 1247 1674 fastidio

274 1696 401 1767 quodam,
421 1702 452 1750 ut
471 1696 518 1763 fit,
539 1696 658 1751 eiusdem
679 1698 829 1752 cautilenae
850 1714 896 1765 ea,
925 1714 995 1767 quae
1015 1697 1115 1750 inillis
1136 1703 1247 1752 narrata

275 1780 361 1841 erant,
381 1774 504 1844 personis
524 1771 638 1827 dicenda
665 1773 744 1842 dare,
771 1775 849 1843 quasi
875 1781 937 1828 ante
964 1773 1058 1828 oculos
1086 1780 1248 1843 agerentur:

274 1850 342 1904 illud
361 1850 462 1904 nullius
481 1850 598 1905 ustionis
617 1851 727 1921 ingenio
747 1849 850 1904 laetum
871 1856 920 1918 est,
947 1867 999 1905 nec
1019 1851 1109 1920 potuit
1128 1849 1198 1917 fieri,
1219 1856 1248 1902 ut

275 1928 336 1997 quis
354 1927 390 1981 ad
409 1927 491 1982 talem
510 1926 604 1981 ludum
623 1927 746 1996 prodiret
766 1927 823 1981 siue
843 1927 1061 1996 spectatoribus,
1088 1933 1137 1980 aut
1162 1926 1248 1996 longi·

274 2003 341 2057 tudo
362 2004 420 2057 eius
441 2004 514 2059 ultra
536 2009 638 2071 15,000
659 2020 753 2058 versus
775 2010 936 2057 excurreret.
985 2002 1091 2057 Eodem
1118 2010 1202 2072 pacto
1228 2003 1248 2054 si

275 2080 395 2133 Homero
415 2080 531 2134 lectores
552 2081 679 2147 deerant,
704 2081 785 2149 plane
805 2097 858 2133 non
878 2096 1024 2149 assequor,
1054 2080 1120 2148 quid
1140 2079 1248 2134 tandem

277 2173 338 2210 eum
364 2155 502 2226 impellere
527 2156 663 2226 potuisset
687 2157 715 2209 in
743 2155 884 2210 consilium
912 2163 939 2210 et
969 2157 1162 2226 cogitationem
1193 2162 1247 2210 tam

275 2233 419 2302 longorum
445 2238 471 2286 et
499 2233 626 2286 continuo
648 2232 765 2302 partium
785 2250 855 2286 nexu
876 2239 1063 2287 consertorum
1084 2231 1245 2287 Carnriuum.

276 2309 391 2378 Saepius
411 2309 506 2364 eadem
526 2319 634 2378 repeto:
666 2309 713 2362 sed
739 2309 885 2363 identidem
912 2309 1088 2379 repetendum
1115 2315 1156 2363 est
1183 2309 1247 2363 illud

272 2402 366 2454 posse,
394 2386 470 2440 ouius
497 2403 531 2439 ex
555 2386 615 2454 ipsa
639 2386 757 2439 humana
776 2393 873 2440 natura
893 2387 932 2440 vis
954 2392 1033 2439 tanta
1053 2393 1094 2440 est
1114 2392 1142 2440 et
1161 2386 1248 2440 firma·

277 2467 395 2516 mentum
416 2479 515 2516 causae
534 2469 659 2528 nostrae,
686 2469 731 2529 ut,
758 2463 809 2515 nisi
835 2463 903 2516 illud
929 2462 1054 2528 tollatur,
1084 2479 1164 2516 nemo
1191 2462 1248 2518 aliis

277 2538 490 2602 difficultatibus,
513 2539 612 2609 quibus
638 2556 670 2594 ea
696 2539 811 2592 fortasse
836 2539 944 2593 laborat
970 2539 1106 2608 plurimis,
1135 2541 1200 2610 angl
1224 2545 1248 2594 et

278 2615 420 2671 sollicitari
440 2616 540 2672 debeat
547 2613 592 2685 84).

348 2791 371 2826 se

345 2791 383 2927 ⁸⁴))
401 2790 479 2912 goii
497 2795 622 2922 guidam,
646 2859 679 2911 sd
702 2877 777 2926 quem
804 2869 871 2912 certe
897 2877 949 2910 non
976 2860 1115 2926 imparatus
1144 2863 1248 2913 accessi.

279 2929 430 2995 superstites
449 2929 531 2979 adhuc
548 2939 619 2989 sunt,
637 2929 673 2991 (et
691 2929 786 2978 utinam
805 2929 848 2980 diu
866 2926 946 2991 sinti)
966 2928 1184 2996 memineruntque
1202 2929 1249 2981 ior·
1325 2939 1326 2944 ’

245 3059 249 3063 ᾖ
279 3007 346 3048 tasse
356 2996 406 3048 duo
416 2997 591 3049 litteratissimi
601 2998 656 3058 viri,
666 2997 727 3061 quid
736 3013 782 3064 ego
791 2997 863 3047 aunis
877 2997 943 3052 1780
952 3006 978 3047 et
990 2998 1051 3051 1781
1071 2999 1158 3064 [1779.
1168 2997 1249 3049 Brieie

280 3083 312 3116 an
321 3064 411 3131 Heyne
420 3083 444 3131 p.
456 3065 523 3130 124]
535 3066 566 3116 de
575 3065 654 3115 hacre
664 3082 749 3116 secum
758 3074 784 3115 et
793 3064 949 3115 sermonibus
960 3073 984 3116 et
995 3065 1083 3116 litteris
1093 3066 1194 3133 egerim.
1213 3066 1250 3116 Ab

279 3133 324 3185 illo
342 3133 402 3183 inde
419 3143 532 3200 tempore
550 3133 583 3184 ad
599 3134 662 3184 elias
680 3150 752 3183 ouras
770 3133 908 3199 digressus,
927 3149 982 3184 raro
1000 3133 1063 3183 mihi
1078 3134 1146 3186 inter
1158 3137 1250 3184 amicos

279 3218 369 3268 pessus
386 3218 442 3252 sum
459 3202 561 3252 verbum
581 3203 707 3266 excidere,
725 3218 774 3267 quo
794 3202 922 3252 silentium
934 3210 960 3252 et
971 3199 1094 3252 firmatum
1106 3203 1251 3267 opinionem

279 3270 412 3322 doctorum
439 3269 635 3335 interpellarem.
676 3269 761 3321 litium
784 3271 810 3320 in
833 3270 1047 3335 praelectionibus
1070 3270 1133 3320 meis
1160 3271 1250 3321 multos

283 3355 362 3390 annos
380 3338 495 3390 imitatus
518 3354 574 3387 sum
597 3340 748 3404 interpretes
772 3339 900 3389 doctrinae
921 3353 1024 3398 sacrae,
1048 3338 1092 3402 qui
1115 3337 1251 3389 edictorum

281 3416 350 3457 metu
368 3406 446 3458 territi
465 3423 517 3457 uon
534 3405 561 3455 id
580 3406 680 3466 docent,
699 3406 766 3471 quod
789 3406 889 3457 sibimet
913 3407 976 3471 ipsis
999 3404 1092 3471 placet,
1116 3406 1162 3456 sed
1185 3406 1250 3472 quod

282 3474 404 3524 ecclesiae
427 3474 487 3526 olim
509 3491 540 3525 ex
563 3482 675 3540 tempore
699 3474 854 3539 probandum
883 3473 1062 3540 praescriptum
1091 3481 1143 3537 est;
1170 3491 1250 3540 neque
1323 3515 1324 3542 ι

282 3540 381 3607 publice
399 3543 536 3610 quidquam
554 3542 585 3594 de
603 3542 803 3594 dubitationibus
820 3543 875 3594 istis
899 3541 1006 3607 prodidi.
1042 3541 1156 3608 Reposui
1179 3559 1248 3610 prae·
