2702 4124
650 287 839 340 ..44-

259 443 319 498 Iam
345 443 369 498 ai
393 444 457 498 novi
483 444 589 515 generis
615 443 750 499 scribendi
775 449 900 499 auctores
927 444 1103 515 perhibentur
1132 443 1150 497 ii
1175 443 1238 512 soli,

259 519 307 587 qui
328 518 400 574 iusta
418 521 558 575 volumina
578 521 694 576 condere
714 521 897 587 instituerunt,
919 527 949 576 ut
969 520 1087 574 Cadmus
1101 519 1239 587 Milesius,

260 594 434 666 Pherecydes
448 597 543 668 Syrius
563 604 591 652 et
610 597 667 662 alii,
688 597 866 651 Pisistratidis
880 598 1018 667 aequales,
1040 597 1081 666 (in
1099 597 1153 651 hoc
1167 596 1240 651 enim

259 671 402 726 manifeste
422 675 509 728 omnis
528 675 640 744 antiqua
660 672 733 727 fama
753 673 906 743 convenitz)
927 673 955 727 id
976 689 1073 744 magno
1095 680 1137 727 est
1156 690 1241 744 argu·

260 753 361 815 mento,
383 749 513 803 librorum
531 750 725 819 confectionem
745 755 773 804 et
793 750 865 820 apud
880 751 960 804 Iones
982 758 1010 803 et
1030 749 1102 819 apud
1117 749 1240 819 reliquos

259 821 381 879 Graecos
402 825 453 880 hac
473 827 532 896 ipse
552 833 643 881 aetate
663 826 781 896 priorem
800 842 854 880 non
874 825 967 880 fuisse.

683 1035 827 1111 XVIII.

335 1187 476 1242 Hactenus
497 1190 612 1259 experiri
633 1189 782 1258 voluimus,
808 1207 862 1260 quo
882 1190 1111 1260 progrederemur
1131 1190 1159 1244 in
1186 1190 1241 1245 hac

258 1266 459 1332 controversia,
490 1267 632 1320 universae
659 1267 790 1322 historiae
816 1267 977 1320 testimoniis
1007 1266 1152 1335 adhibitis,
1184 1284 1242 1321 non

259 1339 422 1395 auctoritate
448 1341 562 1396 Homeri
589 1349 617 1397 et
643 1343 815 1412 antiquorum
842 1344 1019 1410 interpretum
1046 1345 1112 1397 eius.
1158 1343 1242 1398 Nunc

258 1433 311 1484 age
339 1417 509 1472 attendemus
535 1419 668 1486 animum,
696 1419 761 1489 quid
787 1419 892 1474 demum
919 1419 947 1470 hi
973 1419 1102 1486 afferant,
1129 1419 1241 1474 reiectis

259 1497 357 1558 tamen,
379 1493 449 1548 sicut
468 1512 518 1564 per
539 1502 589 1563 est,
610 1496 652 1563 iis,
673 1496 720 1564 qui
742 1495 885 1550 vetustatis
905 1495 1032 1548 incuriosi
1053 1495 1086 1549 dc
1108 1495 1241 1565 operibus

259 1567 382 1634 Homeri,
403 1570 517 1624 Hesiodi
539 1578 567 1624 et
587 1572 740 1641 aequalium
760 1571 871 1642 perinde
891 1571 1041 1640 loquuntur
1058 1579 1188 1641 tanquam
1205 1571 1240 1626 de

260 1645 401 1713 quibusvis
425 1647 501 1700 libris
532 1647 715 1702 bibliothecae
745 1666 824 1714 suae,
855 1647 898 1700 vel
932 1648 1068 1702 scribendi
1099 1647 1238 1702 vocabulo

259 1727 371 1774 utuntur
391 1723 495 1792 vulgari
511 1741 602 1778 errore
622 1725 686 1792 stili,
706 1742 761 1778 non
782 1722 862 1778 animi
883 1722 993 1776 iudicio.
1025 1724 1069 1778 Ita
1088 1724 1147 1793 ipse
1161 1723 1239 1790 mihi,

258 1796 306 1866 qui
327 1801 439 1862 ἀοιδοὺς
457 1799 519 1854 illos
539 1818 593 1854 non
617 1802 762 1870 scriptores
783 1800 833 1854 sed
859 1803 969 1864 ἀοιδοὺς
986 1799 1070 1854 fuisse
1091 1799 1238 1867 contende,

258 1873 339 1927 facile
360 1893 456 1945 passus
477 1877 525 1930 sim
548 1878 712 1946 quandoque
732 1876 799 1930 illud
820 1877 932 1930 verbum
954 1877 1076 1930 excidere
1088 1917 1095 1944 ‚
1116 1893 1149 1931 nc
1170 1877 1239 1930 alte·

258 1951 315 2003 rius
335 1967 416 2020 saepe
437 1954 545 2021 repetiti
566 1953 710 2007 insolentia
724 1953 851 2006 offendat.
884 1951 934 2005 cui
954 1952 1053 2006 rationi
1068 1951 1241 2007 subiicienda

257 2030 321 2079 sunt
346 2029 481 2095 permulta
505 2031 566 2082 loca
590 2038 726 2094 veterum,
752 2029 850 2082 similia
874 2029 947 2097 istis,
976 2045 1045 2098 quae
1072 2028 1239 2082 mentionem

259 2101 410 2169 scripturae
430 2103 531 2158 habent
551 2105 577 2156 in
598 2105 704 2175 legibus
718 2105 847 2175 Lycurgi,
869 2122 937 2174 quas
958 2121 1037 2158 nemo
1059 2105 1156 2159 doctus
1172 2103 1239 2158 olim

259 2178 393 2246 scriptura
420 2180 488 2233 latas
515 2181 638 2234 credidit.
683 2181 843 2250 Eodemque
870 2181 997 2234 referrem
1024 2187 1117 2234 notum
1145 2175 1244 2234 locum'

258 2251 436 2322 Apollodori,
458 2256 484 2309 in
512 2274 565 2326 quc
593 2257 627 2310 de
652 2258 773 2311 exitiosis
799 2258 852 2310 illia
878 2257 1010 2310 mandatis
1036 2257 1130 2312 Proeti
1156 2257 1189 2309 Il.
1213 2259 1237 2317 ζ.

260 2335 325 2386 168.
346 2348 443 2385 nomen
464 2337 609 2405 ἐπιστολῆς
631 2335 716 2404 ponit,
737 2333 897 2403 praesertim
918 2351 1001 2402 quum
1020 2333 1058 2386 ibi
1078 2351 1174 2402 parum
1189 2349 1238 2402 ap·

259 2412 316 2459 tum
336 2407 432 2461 fuisset
457 2411 555 2464 exoleti
582 2411 664 2464 moris
691 2411 834 2477 indicium,
862 2426 1043 2479 negatamque
1070 2409 1239 2479 Apollodori

260 2483 312 2536 hac
333 2484 366 2539 de
393 2501 422 2538 rc
449 2487 609 2540 sententiam
637 2504 670 2540 ec
697 2486 758 2540 loco
785 2486 967 2556 quaerendam
994 2502 1069 2553 esse,
1094 2485 1145 2539 nisi
1176 2485 1239 2555 ipsa

258 2560 343 2614 verba
363 2579 380 2614 a
399 2561 596 2632 significatione
615 2563 704 2617 iustae
725 2563 858 2632 epistolae
878 2580 990 2632 prorsus
1003 2559 1238 2632 abborrerent³⁶).

258 2687 463 2699 ——————

260 2775 346 2827 sciaae.
387 2775 416 2824 Id
439 2775 568 2840 aliquanto
593 2782 650 2840 post
673 2773 748 2824 etiam
776 2790 911 2839 paucorum
935 2773 983 2824 suit
1003 2791 1036 2824 ex
1065 2773 1238 2836 magnanimis

259 2841 412 2908 Cecropidis.
449 2843 589 2894 Potuerunt
607 2851 690 2892 temen
709 2844 728 2891 ii
747 2843 778 2891 ad
798 2842 946 2892 discendum
970 2841 1068 2891 invitari
1093 2837 1137 2890 illo
1159 2839 1237 2890 insti-

259 2917 321 2970 tuto,
340 2927 390 2960 non
410 2911 502 2976 peiore,
522 2911 617 2977 opinor,
636 2910 805 2959 elementariis
824 2910 920 2961 libellis
939 2909 1037 2959 uostris.

336 2979 369 3041 ³⁶)
391 2979 430 3038 Il,
454 2979 483 3037 3,
510 2981 532 3031 l.
574 2974 695 3043 Προῖτος
722 2975 819 3026 ἔδωκεν
847 2975 1036 3033 ἐπιστολὰς
1063 2974 1136 3044 αὐτῷ
1165 2973 1239 3041 πρὸς

258 3041 381 3112 Ἰοβάτην
399 3044 529 3107 κομίσειν,
546 3045 575 3095 ἐν
595 3042 640 3102 οἷς
658 3044 897 3112 ἐνεγέγραπτο
923 3041 1147 3112 Βελλεροφόντην
1170 3042 1237 3093 ἀπο-

259 3113 371 3164 κτεῖναι·
414 3110 537 3182 Ἰοβάτης
554 3112 584 3163 δὲ
602 3112 768 3178 ἐπιγνοὺς
785 3110 917 3169 ἐπέταξεν
941 3130 965 3166 ιι.
983 3129 1006 3166 τ,
1025 3111 1048 3162 λ.
1089 3114 1160 3175 Quae
1185 3113 1237 3162 duo

259 3182 338 3234 verba
355 3184 382 3231 in
400 3183 424 3232 h.
444 3184 460 3233 1.
481 3183 603 3248 pertinere
621 3181 736 3231 videntur
761 3183 793 3232 ad
817 3182 967 3247 scripturam
990 3181 1147 3240 litterarum,
1170 3179 1237 3230 talia

260 3267 315 3302 csse
333 3249 403 3310 dico,
421 3258 449 3299 ut
467 3252 498 3301 dc
516 3253 584 3301 notis
603 3266 648 3300 eeu
668 3250 747 3316 signia
765 3259 869 3314 accepta
887 3249 981 3314 optime
999 3249 1111 3298 babeant
1128 3259 1155 3298 et
1172 3264 1234 3313 pru-

259 3321 347 3370 denter
365 3319 447 3384 posita
465 3319 523 3370 sint.
554 3317 619 3368 Nam
640 3315 788 3385 ἐγγράφειν
809 3326 862 3367 tum
881 3334 926 3382 per
944 3333 971 3367 ae
989 3320 1102 3367 incertae
1121 3322 1235 3382 potesta·

259 3387 291 3438 tis
308 3394 356 3448 est,
375 3394 429 3437 tum
447 3394 486 3438 est
503 3387 567 3436 illud
585 3386 666 3452 ipsum
686 3387 803 3447 verbum,
827 3386 894 3452 quod
917 3385 985 3450 apud
1008 3390 1109 3450 poetam
1133 3383 1236 3450 legitur.

258 3455 330 3505 Pone
349 3471 393 3520 pro
411 3453 456 3505 illo
470 3453 625 3522 ἐγγλύφειν,
644 3451 829 3518 ἐγκολάπτειν,
848 3451 1045 3521 ἐγχαράοοειν;
1065 3453 1235 3517 importunum

259 3523 370 3573 studium
389 3524 503 3575 variandi
521 3524 624 3575 senties.
660 3523 695 3572 At
711 3519 810 3571 πίνακα
828 3522 934 3572 Homeri
952 3523 1060 3572 mutavit
1084 3521 1110 3570 in
1129 3517 1234 3569 ἐπιστο-
