2702 4124
669 332 859 384 ...18-

280 507 363 560 tionis
382 523 436 559 non
450 505 589 560 defendat.
622 505 664 558 Ex
684 507 736 560 hoc
749 523 863 559 numero
878 505 948 560 infra
960 505 1061 574 plures,
1080 523 1152 559 nuno
1165 522 1254 559 uuum

280 583 391 638 afferam
409 585 523 637 maxime
547 583 693 637 notabilem
712 583 747 636 11.
767 599 789 630 ν.
803 581 871 643 731.,
897 584 944 652 qui
963 582 992 635 in
1012 583 1137 636 omuibus
1157 582 1254 637 adhuc

280 660 388 714 collatis
409 660 489 713 codd.
509 665 616 728 praeter
635 658 757 713 Vindob.
771 659 892 715 CXVII.
913 665 950 724 et,
971 659 1045 728 quod
1064 660 1180 712 maxime
1200 661 1253 712 mi-

278 753 353 804 rere,
378 738 406 790 iu
430 738 490 806 ipso
510 735 618 790 Veneto
639 737 752 790 offertur
778 738 836 790 sine
856 736 946 789 obelo.
987 736 1058 790 Nam
1077 736 1252 803 sententiam,
1317 793 1319 796 ,

279 830 334 883 qua
354 829 383 867 se
396 813 563 884 Polydamas
584 830 644 864 cum
657 813 777 866 Hectore
797 819 947 883 comparat,
968 813 1021 866 isto
1035 829 1116 866 versu
1137 813 1253 882 illepide

278 889 353 944 ultra
365 891 534 960 propositum
548 889 628 955 trabi,
649 889 729 944 facile
749 891 859 944 sentias.
892 891 932 944 At
951 889 1045 958 paullo
1059 889 1187 942 disertior
1208 895 1254 943 est

277 983 470 1036 nonnunquam
483 967 618 1019 Homerus
638 983 720 1034 quum
739 968 875 1020 sententia
889 966 1020 1036 postulat,
1040 981 1129 1034 neque
1149 964 1195 1019 ille
1216 983 1254 1019 ex
1336 993 1337 1002 =

279 1042 384 1113 frigidis
409 1044 510 1111 regulis
536 1042 684 1111 castigatae
706 1044 877 1112 eloquentiae
901 1041 1062 1096 iudicandus
1082 1048 1132 1096 est.
1174 1042 1254 1110 Quid

277 1118 384 1176 multa?
423 1119 542 1172 Versum
560 1119 721 1172 Eustathius
745 1137 794 1172 suo
815 1121 877 1173 loco
897 1119 1104 1188 praetermittit;
1130 1135 1196 1172 mox
1216 1135 1254 1172 ex
1336 1105 1337 1148 i

278 1197 475 1250 commentariis
502 1202 624 1249 veterum
654 1201 761 1264 narrat,
786 1196 950 1251 fabricatum
976 1212 1035 1248 esse
1061 1213 1080 1248 a
1104 1194 1252 1248 Zenodoto

276 1272 398 1326 Mallote.
439 1271 494 1327 Cur
519 1289 584 1342 ergo
611 1270 675 1324 huic
700 1273 791 1326 versui
815 1274 877 1342 plus
896 1272 1066 1327 auctoritatis
1085 1272 1251 1338 tribuamus,

277 1367 359 1420 quam
382 1349 421 1402 illi
440 1348 610 1402 Dioscuridis
635 1348 792 1418 hostatici,
819 1363 900 1418 quem
919 1348 1081 1402 Athenaeus
1104 1347 1130 1400 Ι.
1150 1365 1177 1417 p.
1201 1353 1251 1404 11.

278 1425 316 1478 A.
336 1425 426 1492 affert,
445 1431 509 1495 post
529 1439 546 1472 ι.
568 1424 633 1486 119.,
652 1426 696 1478 vel
709 1425 863 1496 ubicunque
878 1426 1006 1492 assuetis,
1026 1423 1198 1478 incommodo
1221 1431 1252 1478 et
1337 1429 1338 1436 ’

275 1509 377 1572 'Hm’
429 1571 463 1627 n
477 1571 542 1644 aa
557 1575 680 1637 aaron
697 1573 714 1643 r
731 1575 758 1637 r
778 1574 902 1640 errare
918 1574 982 1626 θεοὶ
1002 1573 1088 1639 “hd

275 1652 324 1702 aut
344 1644 460 1702 Cratetis
483 1646 548 1699 huic
571 1647 645 1717 apud
664 1647 843 1702 Plutarchum
869 1648 903 1701 de
923 1647 991 1702 Fac.
1017 1647 1044 1699 iu
1064 1647 1131 1700 orbe
1151 1645 1250 1701 Lunae
1338 1666 1339 1685 ¹

275 1741 303 1794 p.
324 1727 389 1780 938.
409 1725 454 1791 Ι).,
474 1730 538 1791 post
558 1717 582 1777 ξ.
601 1723 659 1772 246.
678 1724 796 1791 adiecto,

389 1795 527 1866 Ἄνδράσιν
544 1795 593 1865 ἡδὲ
612 1797 707 1856 θεοῖς·
744 1796 870 1866 πλείστην
890 1796 935 1848 ἐπὶ
951 1798 1032 1865 γαῖαν
1051 1794 1131 1866 ἵησιν,

274 1875 323 1924 aut
342 1870 475 1925 similibus
493 1869 567 1938 apud
587 1868 658 1922 alios
678 1869 867 1923 conservatis?

734 2069 783 2143 X.

351 2234 435 2289 Haud
447 2235 503 2288 scio
524 2253 560 2288 an
572 2234 615 2288 bis
628 2235 799 2304 vulgatamm
811 2235 958 2288 lectionum
978 2242 1007 2290 st
1020 2236 1141 2290 sordium
1155 2254 1245 2292 exem·

274 2313 329 2382 plis
347 2312 514 2382 aliquantum
539 2311 573 2365 de
597 2311 703 2381 vulgati
721 2318 811 2366 textus
830 2312 919 2381 gratia
937 2311 1012 2382 apud
1032 2314 1155 2367 homines
1174 2315 1242 2368 recti
1339 2347 1340 2372 r

274 2389 366 2443 iudicii
392 2388 562 2442 detraxerim.
601 2388 740 2458 Exemplis
765 2394 837 2441 certe
861 2387 912 2441 bac
937 2389 965 2442 in
984 2405 1014 2442 re
1035 2390 1097 2458 plus
1119 2389 1239 2456 efficitur,

275 2483 356 2536 quam
376 2465 418 2530 iis,
439 2482 509 2534 quae
529 2464 563 2518 de
583 2481 616 2520 ea
627 2465 786 2534 gravissime
805 2480 887 2532 saepe
906 2465 933 2517 iu
954 2466 1112 2519 universum
1130 2481 1239 2519 monue-

273 2549 337 2597 runt
355 2541 406 2594 viri
426 2541 593 2594 doctissimi.¹
620 2541 736 2596 Probari
755 2541 809 2596 ista
827 2541 926 2608 solent,
948 2541 1011 2596 dum
1031 2541 1174 2612 leguntur,
1192 2542 1244 2596 ubi

273 2619 386 2673 adrem
405 2624 575 2686 praesentem
598 2623 708 2671 ventum
733 2623 787 2683 est,
811 2617 881 2670 redit
903 2618 975 2671 iners
996 2620 1164 2688 superstitio.
1205 2617 1244 2672 Et
1295 2607 1305 2632 ⁸

274 2696 303 2748 ia
315 2694 436 2748 Homero
457 2693 566 2762 quidem
586 2711 619 2748 ea
636 2694 791 2763 superstitio
812 2711 925 2762 magnos
943 2701 1075 2764 patronos
1096 2695 1181 2750 habet
1202 2697 1243 2748 iu·

275 2777 319 2824 ter
337 2771 411 2839 ipsos
431 2776 546 2838 veteres,
568 2787 601 2824 ex
620 2771 718 2839 quibus
738 2787 808 2824 unus
827 2787 893 2840 prae
913 2770 1009 2824 ceteris
1022 2771 1179 2840 ingeniosus
1200 2780 1245 2826 est

273 2846 451 2915 Lucanum).
489 2845 519 2900 Is
542 2851 653 2916 potitam
675 2847 764 2914 ipsum
788 2847 863 2916 apud
887 2847 987 2900 inferos
1007 2848 1205 2916 interrogatum
1223 2866 1244 2903 a

274 2939 305 2977 se
325 2923 359 2977 de
378 2923 411 2976 iis
431 2922 563 2990 versibus,
584 2925 632 2996 qui
649 2922 786 2976 subditicii
805 2941 823 2977 a
836 2921 943 2977 criticis
963 2922 1136 2991 haberentur,
1156 2925 1245 2979 refert

273 2999 431 3068 simpliciter
448 2999 631 3068 respondisse,
652 3017 741 3052 omnes
759 3017 824 3053 euos
844 3016 906 3056 csse.
939 2998 1001 3068 Quo
1020 3017 1152 3070 responso
1172 3007 1242 3056 tam·

274 3076 326 3130 etsi
357 3075 538 3145 perhumanus
565 3093 647 3130 senex
674 3094 729 3129 uon
758 3076 810 3129 nisi
841 3092 888 3130 eos
913 3093 1008 3129 versus
1026 3078 1173 3146 agnovisse
1191 3096 1241 3147 pu·

273 3151 374 3208 landus
394 3156 444 3218 est,
465 3169 535 3220 quae
553 3158 617 3207 ante
636 3153 690 3205 boc
709 3169 788 3206 suum
807 3169 868 3205 cum
883 3151 1004 3206 Luciauo
1026 3152 1192 3222 colloquium
1212 3155 1242 3208 iu

274 3229 396 3284 ordinem
420 3229 522 3298 recepti
546 3233 648 3297 esseut,
673 3229 714 3282 uti
737 3228 924 3284 Zenodoteum
947 3229 1037 3299 illum,
1062 3247 1143 3298 quem
1167 3229 1241 3284 idem

273 3305 410 3360 Lucienus
433 3321 487 3358 nou
513 3305 627 3360 obscure
650 3306 750 3375 probat
772 3307 800 3360 in
828 3305 883 3362 alio
907 3303 1045 3376 libello⁵):
1069 3314 1160 3360 tamen
1183 3323 1240 3360 uon
1339 3303 1340 3320 ¹

341 3466 365 3600 t
