2694 4116
507 290 716 344 -121—

201 449 256 506 Sed
277 452 328 505 etsi
347 451 413 504 mihi
434 448 600 504 eruditorum
620 451 700 503 venia
719 467 788 519 opus
809 457 859 516 est,
880 466 939 504 cam
960 453 1101 506 tertiaturo'

121 543 195 594 rem,
222 527 250 581 in
277 545 332 597 qna
357 526 559 582 callidissImttm
584 526 765 581 coniectorem
791 527 949 595 saepissime
970 527 1103 582 destituat

122 608 237 658 servata
248 602 343 658 fractis
359 603 511 672 lacerisque
523 601 625 656 tabulis
640 603 761 665 materia.
776 603 849 658 haud
863 603 1000 674 ingratum
1013 612 1103 657 tamen

123 680 183 734 fore
199 679 328 746 arbitror,
349 681 381 746 si,
404 696 474 749 quae
488 679 588 748 passim
603 678 735 748 dissipata
748 678 881 747 feruntur,
895 681 1020 734 adhibito
1035 695 1103 750 quod

123 755 188 810 dam
210 756 244 810 do
264 757 431 827 gravissimis
456 755 539 810 rebus
557 755 658 810 iudicio
679 756 713 810 ad
735 755 846 810 brevem
866 765 1042 826 conspectum
1062 773 1103 810 re·

124 849 227 888 vocare
254 840 380 902 potuero.
430 831 474 886 Ita
503 831 585 886 etiam
614 838 738 886 crescent
766 831 968 901 quodammodo
998 832 1103 902 copias,

123 925 198 977 quae
219 925 269 962 neo
288 909 364 978 ipsae
384 925 433 977 per
452 925 482 961 se
503 907 716 962 contemnendae
731 917 801 962 sunt.
837 909 1004 974 (laudarent,
1027 914 1103 976 puto,

123 984 247 1054 magistri
267 983 429 1051 orientales,
450 985 473 1038 si
493 984 582 1038 trihus
602 985 670 1038 locis
691 993 765 1039 certo
787 992 939 1055 constaret,
960 984 1026 1054 quid
1048 983 1104 1038 Ga·

124 1060 216 1116 maliel
237 1067 287 1116 aut
305 1061 375 1114 alius
395 1060 543 1130 superioris
562 1062 662 1116 astatIs
681 1061 778 1115 doctor
799 1060 918 1115 Iudaeus
938 1061 965 1114 in
979 1060 1060 1114 Mose
1076 1065 1105 1114 et

123 1135 271 1206 Prophetis
298 1137 408 1207 legerit:
437 1153 488 1190 uos
516 1136 544 1190 in
571 1138 691 1191 Homero
717 1137 783 1209 quid
810 1137 967 1191 Zenodotus
995 1136 1103 1206 legerit,

124 1217 181 1270 400
196 1212 252 1267 iere
267 1212 343 1281 locis,
365 1213 431 1282 quid
445 1211 653 1283 Aristophanes,
674 1213 732 1268 iere
751 1219 817 1283 200,
837 1213 904 1283 quid
918 1212 1105 1278 Aristarchus,

126 1288 190 1358 plus
212 1288 309 1344 millies
329 1290 436 1344 scitnus'.

550 1463 690 1538 XLIII.

124 1700 235 1768 podiam
257 1705 284 1751 et
303 1698 418 1767 primum
438 1695 590 1765 esophorio
611 1697 723 1753 Homeri
743 1699 826 1753 fuisse
847 1699 946 1754 Suidas
966 1696 1104 1769 refet·t⁶⁹),

126 1773 201 1828 fama
226 1789 334 1844 sempor
358 1774 411 1828 luit
436 1791 567 1845 perquam
591 1775 729 1846 ambigua.
769 1775 840 1831 Nam
864 1775 913 1830 alli
936 1775 973 1831 ab
996 1775 1105 1846 iugenio

128 1957 331 1965 *wan—n*-

198 2041 230 2108 ⁶')
249 2039 279 2092 Τ.
297 2039 329 2091 11.
348 2057 373 2106 p.
392 2039 415 2090 3.
452 2037 490 2089 Ibi
509 2039 635 2104 quomodo
652 2037 828 2104 accipiendum
846 2038 893 2099 s'it,
917 2037 984 2105 quod
1006 2037 1106 2102 primur

127 2110 229 2172 dicitur,
249 2124 323 2159 uerno
342 2116 447 2174 quaerat
465 2119 524 2173 post
541 2107 680 2158 Kttstsrttm
700 2117 725 2157 et
742 2105 885 2157 Fabricium
906 2125 929 2173 p.
948 2107 1007 2160 362.
1037 2107 1105 2168 Quo·

124 2179 195 2230 niatu
212 2185 305 2236 autem,
324 2177 413 2227 eodem
433 2174 512 2225 Suida
538 2185 654 2236 auctore,
678 2176 744 2226 alius
761 2174 904 2226 Zenodotus
928 2175 975 2226 t'uit
998 2174 1105 2224 Alexan·

126 2246 224 2304 cirinus,
246 2244 393 2294 Aristarcho
411 2259 507 2310 suppar
525 2243 740 2301 aladiatorium,
764 2246 934 2294 necessarium
953 2250 1004 2299 ost,
1030 2242 1104 2291 huius

125 2329 193 2432 unass
210 2312 269 2429 ogig,
288 2311 928 2434 qua33illittts,fiiis{io{uere.05A7ddlt336praeterea
952 2309 1055 2390 §obolis
1076 2309 1105 2390 in

151 2397 198 2431 ra.
261 2397 317 2430 seu.
378 2420 383 2430 .
408 2397 422 2430 s
480 2390 573 2430 usat.
615 2415 622 2429 .
642 2416 647 2426 .
694 2418 699 2428 .
790 2417 794 2426 .
818 2388 919 2429 terttum
943 2395 998 2428 etus
1021 2395 1105 2428 nomt·

110 2453 177 2510 mis,
197 2447 326 2507 Mallotes,
346 2447 454 2497 eundem
472 2446 585 2506 fortasse,
598 2396 648 2512 lhui
666 2440 838 2514 Κρατήτειος
856 2455 958 2498 vocatur
971 2446 996 2494 in
1009 2444 1105 2494 Seboll.

126 2517 159 2567 ad
178 2516 199 2580 ψ
227 2517 268 2569 te.
305 2515 356 2566 Sed
374 2525 403 2566 ut
420 2516 503 2566 dicam
522 2514 697 2580 quodmodo,
717 2532 749 2565 ua
766 2515 835 2565 huno
853 2513 956 2580 quidam
975 2512 1006 2562 ab
1025 2513 1104 2564 altero

127 2584 173 2634 illo
192 2583 319 2636 diversum
338 2583 478 2642 habuerim,
496 2593 523 2631 ιιι
543 2583 574 2632 ab
592 2583 649 2632 aliis
668 2599 683 2632 a
702 2581 783 2648 patria
802 2582 931 2642 Mallotes,
950 2579 981 2630 ab
1000 2579 1057 2630 aliis
1075 2596 1106 2630 ex

127 2667 197 2702 moro
214 2651 304 2701 aetatis
323 2651 394 2701 illius
413 2647 600 2701 Alexandrinus
619 2667 634 2700 a
652 2649 782 2700 domicilio
807 2651 891 2700 dictus
910 2650 956 2710 sit,
980 2648 1106 2715 fueritque

127 2719 205 2770 iniis
225 2716 333 2770 Cratetis
352 2719 492 2785 discipulis,
512 2719 557 2783 qui
575 2718 688 2784 magistri
707 2719 747 2768 etti
765 2719 951 2768 contentionem
971 2733 1029 2767 cum
1048 2717 1106 2766 Ari·

128 2789 238 2847 starcho,
257 2795 284 2837 ut
306 2786 348 2845 fit,
371 2803 444 2837 susm
467 2789 589 2838 iacerent.
624 2787 677 2836 Iam
702 2802 779 2850 quum
803 2786 828 2835 iu
851 2785 915 2835 Vsn.
940 2784 1048 2835 Scholiis
1069 2791 1106 2834 tol

128 2857 201 2916 locis,
220 2862 325 2920 excepto
344 2869 394 2905 utto
411 2857 476 2914 isto,
496 2870 595 2919 semper
617 2853 760 2904 zenodotus
783 2853 925 2920 appelletur
947 2853 1106 2918 simpliciter,

128 2923 281 2988 compositus
299 2923 374 2973 etiam
394 2923 432 2972 rcl
452 2921 611 2989 praepositus
630 2921 795 2988 Aristophani
819 2931 845 2972 st
864 2920 1026 2981 Aristarcho,
1050 2935 1105 2971 om-

128 2993 221 3057 niaque
238 2990 276 3040 illi
294 2991 388 3040 tributa
406 2991 439 3040 ad
457 2992 562 3040 candem
581 2992 705 3040 rationem
724 3000 749 3040 et
766 2989 871 3040 sormam
889 2989 984 3055 ingenii
997 2987 1106 3038 referan-

129 3070 178 3118 tur,
198 3058 272 3124 plane
291 3075 340 3108 uon
359 3059 456 3117 dubito,
476 3057 570 3124 ubique
586 3057 639 3108 iere
656 3059 724 3122 apud
743 3056 830 3124 Intpp.
849 3057 953 3108 Homeri
967 3053 1106 3119 Ephesium

132 3123 254 3177 criticum
272 3127 479 3192 intelligendum,
498 3138 524 3176 et
541 3126 562 3175 si
582 3141 632 3191 qua
650 3124 756 3176 alterius
775 3123 895 3175 Mallotes
919 3133 1056 3189 supersunt
1078 3124 1105 3172 iu

129 3195 169 3254 iis,
188 3209 255 3260 quae
273 3195 367 3261 passim
385 3195 509 3244 advorsus
527 3193 702 3244 Aristarchum
722 3203 862 3253 monentur,
882 3209 912 3244 ea
929 3194 984 3242 siue
1003 3189 1106 3241 nomios

128 3262 161 3313 sd
178 3278 225 3312 nos
243 3263 341 3328 perlata
358 3277 421 3312 esse.
457 3263 583 3327 Equidem
607 3278 651 3311 sex
674 3274 772 3326 septem
797 3261 859 3312 locis
878 3259 1036 3312 Scholiorum
1060 3257 1106 3308 ali·

129 3329 231 3396 quando
250 3333 276 3380 in
295 3329 475 3380 dubitationem
494 3345 534 3379 ms
553 3329 688 3379 adductum
706 3329 825 3388 memitti;
849 3345 934 3379 rerum
957 3327 1105 3392 diligentius

128 3397 259 3466 explorata
277 3415 317 3449 res
335 3400 445 3465 primum
463 3395 611 3464 adspectum
629 3397 795 3447 confirmarit.
832 3395 977 3462 Eodemque
995 3411 1042 3446 nos
1060 3395 1106 3446 alii

130 3458 391 3532 scriptores‘ducunt,
410 3463 512 3525 Strabo,
530 3465 688 3526 Athenaeus,
707 3463 860 3532 Apollonius
877 3463 953 3516 Alex.
972 3472 1019 3516 eto.
