2694 4116
513 315 720 368 -155-

128 471 200 528 baec
225 473 295 528 ratio
322 473 510 542 limaturae,
536 473 609 545 quod
637 474 727 543 plures
749 471 946 529 Grammaticos
970 473 1103 530 adversus

129 549 241 604 obelum
260 548 414 604 Aristarchi
435 551 606 622 potissimum
625 549 764 620 scripsisse
786 549 949 620 reporimus,
974 568 1028 606 nou
1055 553 1101 606 ad-

127 643 226 680 versus
245 625 434 682 Zenodoteum
455 634 503 683 aut
524 613 808 698 Aristophaneumlt).

206 702 267 757 Iam
287 703 320 757 de
336 720 364 758 re
377 705 437 774 ipsa
450 722 528 759 nemo
544 702 716 773 exspectabit
729 709 759 756 ut
772 703 896 772 pluribus
911 703 1103 773 demonstrem,

129 779 240 835 obelum
261 779 296 834 ab
309 781 470 836 Aristarcho
490 798 543 836 nou
563 787 620 836 tam
639 781 672 834 iis
693 779 816 834 versibus
837 796 896 834 esse
909 782 1104 852 praepositum,

128 873 203 926 ques
224 856 346 911 crederet
365 857 477 912 Homeri
497 874 551 912 nou
572 872 646 924 esse,
672 873 755 926 quam
781 855 822 910 his
846 857 985 926 omnibus,
1012 858 1105 928 quisi

127 932 286 986 viderentur
311 933 385 1003 digni
412 933 621 1005 reprehensione
646 933 789 1002 minusque
810 933 884 1003 digni
904 934 966 988 loco
986 952 1036 989 suo
1057 934 1104 988 vel

127 1008 331 1065 absolutissima
350 1016 409 1066 arte
428 1011 558 1082 principis
578 1014 730 1080 politanum.
772 1009 814 1062 Ac
840 1010 905 1063 mihi
929 1010 1039 1080 quidem
1059 1010 1104 1064 hic

127 1085 264 1156 posterior
289 1104 353 1141 usus
374 1087 447 1142 obeli
467 1088 574 1142 videtur
593 1094 716 1156 tempore
735 1087 837 1156 primus
859 1093 887 1141 et
906 1086 1104 1158 significatione

128 1163 244 1216 maxime
265 1163 391 1232 proprius
411 1164 502 1218 luisse.
543 1164 705 1234 Quanquam
735 1163 805 1217 enirn
832 1164 872 1217 vir
892 1163 939 1217 ille
959 1181 1021 1218 cum
1040 1163 1104 1218 doc-

127 1238 233 1293 tissimo
245 1256 354 1310 quoque
365 1241 519 1310 aequalium
530 1246 704 1312 cognoverat,
715 1256 810 1294 versus
822 1235 1106 1305 παρεμβεβλημένους

127 1315 156 1368 ln
176 1315 271 1384 priscis
293 1317 402 1372 vatibus
422 1318 477 1389 legi
490 1333 571 1389 quam
585 1316 725 1387 plurimos,
747 1322 775 1370 et
792 1315 1009 1386 interpolationis
1023 1316 1104 1371 huius

131 1391 225 1446 fontes
244 1409 330 1463 prope
345 1410 473 1448 unacum
488 1393 656 1451 Carminibus
671 1392 737 1462 ipsis
751 1393 916 1462 prorupisse,
936 1399 1027 1447 tamen
1040 1410 1104 1460 non,

127 1468 195 1538 quid
217 1469 344 1523 cecinerit
363 1469 514 1538 Homerus,
541 1471 588 1526 sed
610 1470 676 1541 quid
697 1485 793 1525 canere
816 1470 955 1540 debuerit,
979 1476 1104 1540 spectare

128 1545 225 1599 debuit
251 1546 449 1601 emendaturus.
493 1547 564 1602 Nam
590 1547 613 1601 si
640 1564 673 1601 cx
697 1547 745 1614 iis,
777 1563 848 1616 quae
874 1546 1005 1601 hactenus
1032 1546 1105 1600 dicta

128 1628 202 1690 sunt,
223 1622 355 1692 capienda
375 1624 479 1693 speeies
501 1631 543 1679 est
563 1629 686 1678 veterum
707 1623 845 1690 codicum,
871 1640 941 1694 quos
961 1623 1007 1678 illo
1026 1622 1104 1677 adhi-

127 1697 233 1765 buerit,
258 1700 278 1751 ii
302 1699 329 1753 in
348 1700 437 1754 Iliade
464 1707 492 1754 et
512 1699 637 1772 Odyssea
662 1699 731 1753 inter
751 1716 781 1753 se
800 1699 874 1754 haud
893 1700 981 1754 minus
1002 1701 1104 1754 dissen-

127 1781 230 1842 serunt,
255 1793 310 1846 qua
329 1775 544 1832 conformatione
564 1783 592 1832 et
610 1782 670 1831 toto
686 1776 782 1829 babitu
797 1776 963 1846 singularum
975 1776 1101 1846 partium,

127 1867 184 1921 qua
203 1869 314 1906 numero
335 1870 471 1921 versuum,
493 1871 575 1924 quam
588 1853 697 1908 codices
711 1851 1035 1922 Batrachomyomachiae
1049 1850 1103 1905 hoc

129 1928 242 1982 saeculo
263 1929 394 1999 congesti,
416 1947 476 1984 oum
498 1930 603 2001 vulgari
624 1935 708 1984 textu.
742 1928 802 1982 Hos
816 1935 920 1997 excute,
943 1946 1054 1999 quaeso,
1076 1933 1104 1982 et

128 2004 265 2073 experire,
280 2022 314 2058 an
335 2007 501 2076 poematium
521 2007 668 2061 extundere
689 2022 721 2058 ex
741 2004 775 2058 iis
795 2005 897 2075 possis,
919 2007 1000 2075 quale
1020 2005 1103 2059 luerit

127 2080 260 2150 primuml
298 2081 369 2136 Tum
389 2084 470 2138 etiam
490 2083 557 2137 illud
578 2083 736 2154 cogitemus,
758 2081 911 2136 iuveniliter
930 2081 1035 2137 ludenti
1055 2099 1103 2151 po·

127 2284 216 2350 βομεν
234 2283 264 2334 ἐκ
288 2288 340 2352 τῆς
361 2280 555 2353 Ζηνοδότου
579 2282 766 2352 διορθώσεως.
802 2281 889 2335 Etiam
914 2301 980 2350 quae
1003 2283 1038 2334 ibi
1063 2301 1104 2334 se·

129 2362 243 2420 quuntnr
260 2354 291 2404 de
310 2354 408 2404 duobus
426 2369 475 2405 vsa.
495 2351 703 2414 ἀθετουμένοις,
721 2354 863 2419 pertinent,
887 2353 911 2402 si
930 2353 991 2418 quid
1009 2352 1105 2413 iudico,

128 2421 162 2472 ad
178 2421 363 2481 Aristarchum,
383 2438 433 2472 non
451 2421 483 2472 ad
500 2421 663 2472 Zenodotum.

196 2504 230 2568 89)
248 2505 282 2556 Ut
299 2505 455 2556 Zenodotum
473 2505 595 2556 minorem
613 2506 639 2554 in
666 2505 732 2556 libro
748 2489 827 2573 Ιπρὸς
849 2504 883 2555 τὰ
907 2504 950 2556 ὑπ’
968 2503 1104 2573 Ἀριστάρ-

124 2590 176 2692 ,Boo
194 2571 369 2655 dderoduesa
387 2574 435 2624 τοῦ
454 2574 643 2656 notprotbitcm
655 2590 734 2638 supra
747 2582 909 2654 memoratum
923 2574 1104 2656 Callistratum,

154 2650 283 2692 emetrrum
302 2643 423 2702 Ixionem,
442 2641 525 2702 Pium,
544 2642 618 2701 ahos,
636 2638 871 2716 ἀπολογουμενους
888 2640 958 2709 πρὸς
975 2657 1025 2699 τας
1040 2641 1104 2693 dte·

128 2706 1106 2836 titt„ittt'tlttltt‘tlttmtttttttfflt‘dlitttwu

133 2845 195 2914 [don
215 2845 319 2896 Samier.
339 2845 366 2896 S.
386 2815 504 2905 Krischd,
522 2845 632 2912 theolog.
645 2813 745 2896 Lebreb
764 2795 932 2898 derPGriach.
952 2795 1106 2912 §eukglp

131 2915 196 2993 324:
215 2913 344 2994 Cbrysipp
363 2919 377 2972 †
396 2910 437 2964 01.
458 2915 516 2974 143,
535 2913 664 2965 Aristaroh
683 2915 727 2964 der
740 2913 852 2966 Kritilrer
872 2915 945 2965 bluht
963 2913 1004 2966 01.
1024 2913 1106 2980 156.].
1129 2953 1151 2997 ο

128 2981 197 3032 Vide
214 2981 290 3046 Drog.
308 2981 392 3032 Laert.
412 2980 470 3044 Vll,
488 2983 546 3035 174.
574 2979 668 3033 Scholl.
694 2983 726 3033 ad
750 2998 775 3035 a.
794 2985 852 3037 424.
879 2981 977 3040 utet.
1000 2997 1028 3043 tt.
1050 2983 1106 3038 175.

130 3049 201 3101 Serv.
221 3049 254 3099 ad
272 3049 344 3114 Virg.
361 3049 426 3100 Aen.
445 3048 477 3110 V,
495 3050 563 3110 735,
582 3067 632 3115 quo
646 3050 701 3101 loco
714 3047 787 3110 Pius,
800 3049 908 3100 Homeri
919 3057 1104 3111 commentator,

128 3119 219 3184 quiin
240 3115 338 3167 Soholl.
356 3117 430 3168 etism
450 3131 472 3167 ε.
491 3117 548 3171 638.
567 3115 590 3167 1.
609 3121 666 3172 100.
688 3134 718 3183 φ.
743 3120 785 3173 55.
811 3121 867 3172 147.
893 3119 951 3173 293.
975 3117 1105 3178 laudatur,

129 3185 190 3236 dicit
207 3184 403 3250 descriptionem
420 3185 502 3252 Elysii
519 3185 574 3236 sive
585 3187 671 3251 potius
682 3187 822 3236 insularum
833 3185 1025 3246 fortunatarum,
1039 3202 1103 3252 quas

129 3252 270 3305 Sallustius
294 3254 430 3318 scripserat
451 3253 563 3304 inclutas
586 3271 643 3304 esse
661 3253 766 3304 Homeri
784 3254 957 3314 Carminibus,
980 3253 1106 3304 sublatam

128 3338 185 3372 esso
196 3320 274 3388 [circa
286 3318 402 3372 lunarem
415 3319 603 3415 circulpm,ubi
616 3337 660 3446 appr
671 3322 756 3404 purior
768 3331 813 3374 est.
823 3322 856 3439 pl.
865 3321 1105 3441 ,N{¹”{,⁰¹2fflfi¹{'

128 3405 160 3509 171
174 3388 474 3576 pgertffigszdtzlgys?
479 3388 976 3525 tat-5352.5Gpppplppppinpr‚clpeum
988 3407 1038 3508 silon
1050 3424 1107 3508 essd

129 3543 156 3576 ru
201 3542 286 3577 omero
304 3541 350 3575 uos
364 3541 398 3575 ro.
1095 3548 1099 3554 ·
