2702 4124
511 325 701 378 ..25-

115 498 201 554 niosa
225 497 341 555 audacia
365 498 440 554 fecit.
486 498 556 554 Nam
582 500 605 554 si
625 499 722 570 proavi
742 499 828 555 nostri
849 501 920 556 serio
941 499 1093 556 dubitatum

118 575 271 643 audissent,
291 593 354 631 num
375 576 502 646 princeps
522 576 685 646 scriptorum
706 575 843 631 Humerus
867 578 1010 648 scriptoria
1036 582 1094 632 arte

117 669 187 706 usus
209 659 289 721 asset,
309 653 476 708 amatoribus
495 647 660 718 παραδόξων
678 654 780 708 nullum
801 653 933 723 pudorem
954 669 1095 724 superesse

120 728 324 784 clamavissent.
363 729 423 784 Iam
443 730 556 800 ingenia
575 735 744 785 vetustorum
759 736 993 786 monumentorum
1014 729 1096 785 altius

119 804 257 874 inspicere
277 805 425 876 coepimus,
447 813 610 876 servataque
632 807 806 861 severissima
824 806 887 877 lege
906 805 1045 874 historiae,
1064 812 1096 859 ut

119 897 175 937 nec
195 899 261 937 vera
280 889 309 937 et
328 883 494 952 incorruptis
516 883 632 938 testibus
652 883 759 940 firmata
778 883 806 938 in
826 883 936 937 dubium
957 899 1096 950 vocemus,

120 974 176 1012 nec
196 976 307 1029 quoquo
330 959 412 1014 modo
427 959 516 1014 relata
535 966 583 1014 aut
603 959 724 1014 cuiusvis
744 959 863 1014 auctoris
873 961 980 1015 nomine
1001 964 1098 1014 emata

121 1052 177 1105 pro
199 1036 343 1106 compertis
362 1035 520 1104 habeamus,
541 1052 759 1106 unamquamque
779 1053 836 1091 rem
863 1052 896 1091 ex
914 1035 1044 1105 temporis
1064 1051 1098 1092 ac

122 1111 180 1165 loci
210 1113 251 1168 sui
284 1112 433 1167 rationibus
464 1120 491 1166 et
522 1113 642 1167 moribus
668 1113 797 1168 iudicare.
846 1114 890 1168 Ita
924 1113 1004 1168 etiam
1029 1112 1098 1166 haec

123 1187 255 1245 Carmina
283 1189 377 1261 paullo
409 1188 568 1260 diligentius
598 1191 708 1260 cognita
738 1189 921 1244 admirandam
952 1188 1099 1244 ostendunt

123 1265 182 1318 vim
202 1275 315 1322 naturae
335 1272 418 1335 atque
438 1267 548 1336 ingenii,
571 1265 702 1320 minorem
722 1267 796 1334 artis,
821 1267 923 1320 nullam
942 1265 1098 1320 reconditae

125 1341 270 1398 doctrinae
291 1349 318 1398 et
339 1341 498 1414 exquisitae.
539 1343 669 1414 Quamvis
690 1343 760 1397 enim
779 1342 872 1398 hebeti
898 1360 978 1397 sensu
999 1341 1099 1396 surdis·

125 1435 181 1488 que
201 1420 313 1474 auribus
333 1420 378 1488 sit,
399 1420 445 1488 qui
460 1427 544 1474 artem
561 1420 587 1473 in
609 1420 641 1474 iis
656 1420 759 1474 nullam
773 1420 890 1488 sentiat,
902 1425 998 1490 utpote
1019 1434 1099 1488 quam

124 1511 161 1549 ne
181 1496 209 1548 in
229 1513 355 1551 versuum
375 1496 484 1565 quidem
504 1498 623 1551 numeris
644 1497 794 1551 doctissimi
820 1493 971 1550 imitatores
991 1494 1099 1565 assequi

123 1573 279 1643 potuerint,
305 1589 410 1627 omnem
437 1579 528 1627 tamen
555 1579 639 1628 artem
668 1574 744 1628 illam
765 1579 877 1627 naturae
898 1571 1099 1643 quodammodo

124 1650 283 1719 propiorem
310 1665 369 1704 esse
394 1656 523 1719 apparet,
544 1666 633 1719 neque
653 1667 687 1704 ex
707 1649 865 1720 disciplinae
887 1649 1026 1704 cuiusdam
1046 1648 1100 1702 sor·

125 1726 202 1779 mula
220 1727 372 1796 perscripta
391 1725 481 1794 libris,
510 1726 558 1781 sed
583 1744 616 1781 ex
636 1727 730 1782 nativo
757 1743 837 1781 seusu
857 1727 925 1780 recti
946 1731 973 1780 et
992 1723 1100 1779 venusti

127 1801 285 1860 delibatam.
329 1804 361 1856 In
386 1803 439 1857 hoc
466 1809 493 1856 et
518 1803 577 1857 aliis
605 1811 683 1858 vates
708 1805 754 1859 ille
781 1809 885 1857 tantum
907 1802 990 1857 distat
1016 1801 1099 1855 asil-

126 1881 258 1933 vestrium
280 1888 406 1934 coetuum
428 1880 597 1948 cantoribus,
624 1887 754 1949 quantum
781 1880 906 1948 apodtis
934 1878 1100 1932 eruditarum

127 1960 249 2009 aetatum
258 1955 290 2026 ⁹).
348 1957 410 2026 Qua
435 1955 544 2026 quidem
574 1958 690 2011 rectiore
716 1955 915 2010 existimatione
945 1955 1022 2009 velut
1049 1969 1099 2008 suo

126 2031 192 2086 loco
213 2033 359 2102 repositus,
381 2039 411 2088 et
437 2033 528 2086 multis
554 2040 650 2087 exutus
670 2032 887 2104 impedimentis,
916 2033 1014 2102 quibus
1040 2047 1100 2084 eum

128 2107 206 2162 docti
227 2110 291 2162 olim
318 2109 428 2163 honoris
457 2125 538 2164 eausa
559 2115 746 2177 oneraverant,
790 2109 835 2178 qui
856 2108 988 2179 optimum
1008 2114 1101 2162 aucto·

127 2202 186 2240 rem
206 2185 406 2256 pulcherrimae
433 2187 497 2240 artis
518 2187 624 2241 nollent
647 2186 794 2256 quidquam
815 2185 927 2254 nescire,
955 2184 1029 2254 quod
1049 2199 1099 2237 suo

128 2263 251 2331 ipsorum
272 2280 342 2317 aevo
371 2263 406 2316 ad
436 2263 538 2317 cultum
566 2264 663 2317 artium
690 2269 717 2317 et
744 2263 902 2317 munditiem
923 2261 1010 2316 civilis
1029 2259 1101 2312 vitae

199 2475 221 2541 ⁹)
237 2476 324 2541 Ipsum
342 2475 390 2525 hoc
407 2491 499 2526 nomen
516 2479 612 2538 poetae,
631 2476 745 2542 ignotum
762 2474 823 2526 olim
836 2472 947 2536 ἀοιδοῖς,
966 2473 1015 2523 vim
1027 2471 1104 2522 habet

129 2543 280 2608 operosioris
303 2541 407 2593 salom.
448 2543 487 2594 De
511 2544 609 2610 vulgari
631 2560 680 2594 usn
702 2545 812 2594 nominis
835 2543 943 2594 libenter
964 2541 1104 2605 accipimus

128 2616 295 2664 notationem
308 2609 421 2662 Platonis
439 2611 558 2678 Sympos.
576 2630 602 2678 p.
620 2613 678 2668 205,
697 2611 725 2662 O.
745 2611 847 2676 Steph„
871 2611 979 2661 multum
1005 2605 1103 2674 praefe-

128 2681 234 2732 rendam
252 2681 308 2741 illi,
325 2697 359 2730 ex
377 2697 427 2746 qua
445 2697 523 2746 nuper
543 2680 706 2746 Francogalli
730 2680 831 2746 quidam
855 2679 966 2746 poeticae
989 2683 1104 2726 naturam

130 2750 267 2800 docebant.
301 2749 458 2803 Vocabulum
477 2765 535 2798 vero
559 2753 684 2814 posterius
708 2748 807 2799 videtur
828 2751 885 2814 ipso
908 2745 1034 2804 Hesiodo,
1059 2757 1105 2793 nec

130 2827 191 2868 anta
215 2825 354 2884 receptum,
382 2832 458 2882 qnam
482 2818 580 2866 musica
602 2819 634 2867 ab
656 2823 711 2868 arta
734 2817 862 2882 pangendi
886 2814 1004 2864 carminis
1028 2811 1104 2876 vulgo

131 2886 220 2938 divelli
238 2887 369 2952 coepisset.
397 2883 456 2944 Qua
475 2883 506 2934 de
523 2901 550 2934 re
568 2885 630 2936 alibi
649 2900 777 2952 quaeram.
808 2884 859 2934 Sed
877 2882 1016 2934 Hesiodum
1029 2895 1106 2946 quum

131 2955 197 3015 dieo,
216 2970 292 3004 omne
309 2952 374 3003 illud
392 2962 491 3018 tempus
504 2951 628 3020 intelligo,
647 2955 672 3004 in
686 2952 753 3020 quod
766 2952 949 3002 Hesiodaorum
961 2967 1025 3016 quae
1038 2961 1106 2998 nunc

131 3015 1106 3088 mmmmmmmwmfflwmmffifflm&

132 3081 1144 3156 mammmmfflmmmmhwmmmmm'

131 3161 161 3212 ln
178 3157 191 3178 '¹
208 3173 288 3226 ργοις
310 3157 358 3208 1οοί
382 3167 441 3208 sunt
464 3157 539 3208 multi
567 3157 635 3226 πίνῳ
664 3156 821 3209 venerandae
844 3154 978 3206 vetustatis
1006 3151 1105 3219 signati.

132 3228 285 3294 'Fhsogonia
303 3235 386 3276 autern
405 3234 430 3276 et
448 3224 553 3276 Scotum
565 3227 641 3278 Hero.
659 3237 686 3278 et
697 3225 808 3275 maxima
819 3241 876 3289 pars
889 3238 982 3282 eorum,
1001 3234 1107 3287 quorum

131 3296 222 3347 brevia
238 3297 379 3361 fragmenta
397 3302 547 3361 supersunt,
568 3295 705 3345 Homerum
728 3301 780 3343 toto
805 3302 870 3342 certe
893 3290 993 3341 saeculo
1018 3288 1106 3338 subse-

133 3374 255 3432 quuntur.
291 3362 375 3413 Huius
393 3364 429 3414 rei
447 3373 595 3429 argumento
614 3371 666 3428 est,
689 3361 756 3428 quod
781 3362 808 3409 in
831 3360 863 3409 iis
885 3359 970 3425 plures
991 3357 1107 3407 notiones

132 3449 212 3484 norae
231 3439 331 3482 exstant
349 3439 374 3481 et
392 3432 543 3481 imitationes
561 3431 672 3482 locorum
689 3429 893 3489 Homerieornm,
911 3427 936 3474 in
955 3425 1041 3491 primis
1059 3433 1107 3473 ter-

133 3517 218 3551 rarum
236 3509 262 3551 et
273 3499 425 3566 populorum
438 3499 533 3550 auctior
545 3508 570 3549 et
582 3499 729 3566 explicatior
741 3497 839 3547 notitia.
862 3494 912 3561 [Oi.
925 3494 991 3544 Voss
1002 3491 1108 3560 Mythol.

133 3567 177 3621 Br.
193 3569 225 3619 11.
243 3586 269 3635 p.
288 3569 329 3622 95.
347 3576 374 3618 et
392 3569 457 3618 infra
474 3584 500 3620 n.
520 3567 572 3633 59.]
