2702 4124
645 300 839 354 ..46-

252 459 320 514 tium
340 458 546 524 historicorum,
574 457 710 528 geminum
730 457 769 512 illi
789 457 823 512 de
843 457 972 526 Noacho,
998 458 1090 528 qualia
1113 457 1237 513 libenter

254 534 370 604 arripuit
389 535 442 588 ista
462 541 546 589 aetas.
579 533 621 588 At
639 534 667 588 in
687 535 832 590 llustathio
852 553 906 589 non
925 534 1064 589 Eustathii
1090 534 1237 604 opiniones

254 611 421 681 quaerimus,
442 611 491 666 sed
511 611 690 665 vetustiorum
704 611 894 679 litteratorum,
915 629 1029 682 quorum
1044 611 1155 664 Scholia
1169 615 1238 665 ante

254 688 348 741 oeulos
369 687 497 743 habebat.
531 688 573 741 Ex
593 686 636 741 his
656 692 747 741 autem
761 687 880 746 Scholiis
901 705 960 742 eum
981 687 1084 757 ubique
1104 693 1132 740 et
1151 686 1179 740 in
1200 687 1238 740 iis

254 763 378 818 versibus
399 763 525 831 maxime,
545 764 592 818 ubi
612 781 669 818 rem
689 781 742 818 non
763 764 851 818 obiter
871 771 981 832 tractat,
1006 764 1059 818 alia
1079 763 1169 818 omnia
1189 779 1236 817 re-

254 840 334 907 ferre,
354 840 447 910 paullo
467 857 531 894 mox
549 839 705 893 viderimus.

330 917 402 971 Num
428 933 493 970 vero
514 917 649 970 Homerus
676 917 733 986 ipse
761 918 881 988 ignotam
908 916 1038 972 heroibus
1064 917 1120 971 suis
1145 922 1236 971 artem

255 992 361 1060 scierit,
388 1010 521 1062 nusquam
549 1009 599 1046 nec
619 992 781 1047 Eustatbius
801 1011 865 1062 nec,
893 1000 1022 1063 quantum
1043 1011 1093 1064 ego
1115 993 1235 1062 reperio,

256 1069 401 1139 quisquam
416 1067 628 1122 Scholiastarum
649 1069 768 1139 quaerit:
789 1071 827 1124 ita
846 1087 890 1124 res
910 1070 944 1123 ab
965 1071 997 1123 iis
1018 1087 1068 1123 nec
1081 1070 1237 1123 affirmetur

255 1162 306 1199 nec
326 1150 442 1214 negatur
462 1145 592 1214 praecise.
631 1147 676 1200 Ac
695 1147 789 1214 quanti
809 1147 941 1200 faciamus
960 1146 1068 1199 illorum
1088 1161 1188 1212 voces,
1209 1146 1234 1198 si

255 1239 300 1276 eas
327 1221 459 1274 mendacii
484 1223 647 1276 convincant
675 1229 786 1290 eventa,
817 1239 886 1293 quae
913 1239 947 1276 ne
973 1229 1092 1276 extrema
1122 1221 1234 1291 quidem

256 1304 331 1352 aetas
363 1297 443 1366 plane
476 1297 676 1352 dissimulavit?
708 1299 751 1353 Ne
780 1301 880 1352 multa:
914 1299 998 1354 ctiam
1031 1297 1234 1353 Alexandrinos

257 1372 373 1427 Criticos
394 1374 467 1427 haud
489 1373 570 1428 dubie
587 1375 707 1429 exercuit
720 1374 788 1429 haec
803 1375 942 1445 quaestio:
963 1393 1013 1430 nec
1027 1374 1134 1429 aliunde
1150 1391 1234 1444 quem

257 1466 290 1502 ex
311 1449 540 1518 disputationibus
555 1467 648 1504 eorum
661 1452 789 1518 manavit,
812 1452 834 1506 si
849 1451 914 1522 quid
929 1451 1100 1506 auctoritatis
1114 1452 1141 1504 in
1156 1457 1235 1505 tanta

256 1527 362 1580 iactura
379 1527 509 1580 librorum
530 1533 652 1580 veterum
672 1528 799 1597 ambiguo
814 1528 921 1582 silentio
936 1527 1109 1582 Scholiorum
1122 1533 1235 1582 nostro-

256 1621 314 1656 rum
339 1602 455 1656 obiicere
479 1620 631 1672 possumus.
671 1604 717 1659 Ita
741 1605 909 1660 sentiendum
936 1609 977 1658 est
1003 1605 1036 1658 de
1062 1604 1235 1658 memorabili

256 1681 317 1734 loco
338 1678 457 1749 Iosepbi,
478 1680 525 1733 ubi
547 1681 688 1750 perspicue
715 1681 794 1749 dicit,
820 1681 969 1734 Homerum
994 1681 1069 1733 tradi
1095 1681 1235 1750 ιωίριυτα

255 1774 335 1810 asum
353 1773 407 1809 που
419 1756 511 1824 fuisse
530 1757 559 1810 in
575 1758 726 1827 poapcadie
749 1756 935 1826 Carminibus,
961 1774 1042 1826 eoque
1061 1757 1155 1826 primo
1182 1773 1234 1810 me-

255 1833 365 1887 moriter
380 1833 493 1901 prodita
512 1833 541 1886 ία
561 1835 657 1903 eulpae
680 1841 704 1886 et
725 1842 893 1904 propapcta,
917 1841 1014 1902 posteo
1039 1833 1133 1887 litteris
1149 1825 1235 1886 inea·

256 1912 323 1964 dota
349 1909 419 1962 bom
435 1911 562 1978 formam
587 1918 611 1964 et
636 1919 751 1965 tenorem
777 1910 964 1980 edicionem)
1011 1909 1098 1965 Unica
1122 1910 1234 1980 quidem

264 2023 462 2034 ,,-,-....--

257 2089 335 2149 docti,
355 2087 446 2152 quibus
465 2085 508 2135 ille
526 2085 659 2138 familiaris
671 2095 718 2144 est.
736 2087 812 2138 etiam
825 2105 875 2137 non
888 2087 1009 2137 admoniti
1021 2087 1236 2146 animadverterim
1269 2129 1274 2142 .

257 2157 332 2208 ceteri
351 2155 425 2205 modo
444 2154 581 2214 crederent,
600 2165 652 2215 aut,
672 2155 754 2205 minus
772 2164 861 2206 natura
884 2155 995 2215 creduli,
1018 2155 1043 2204 in
1068 2154 1236 2222 cupiditatem

257 2242 339 2276 meam
358 2223 493 2274 traherent.
529 2221 651 2272 Neutrum
670 2224 812 2288 periculum
831 2225 874 2273 hic
891 2224 978 2273 subire
997 2223 1070 2277 libet.

326 2309 358 2376 ΒΕ)
377 2310 471 2360 Contra
487 2307 581 2374 Apion.
600 2307 626 2370 I,
645 2309 668 2362 2.
688 2327 714 2375 p.
734 2309 792 2362 439.
826 2305 890 2372 ’θῴὲ
908 2305 950 2358 καὶ
967 2306 1049 2369 μόλις
1065 2305 1188 2374 ἔγνωσαν
1211 2306 1239 2356 οἱ

250 2373 475 2443 Ἕλληνεςφὺσιν
494 2374 675 2444 γραμμάτων.
714 2373 750 2426 dt
774 2375 842 2443 γὰρ
865 2374 907 2443 ἀρ
938 2375 1104 2443 αιοτάτην
1124 2374 1238 2425 αὐτῶν

258 2446 317 2515 τὴν
333 2449 465 2516 χρῆσιν
486 2444 578 2496 εἶναι
594 2443 773 2508 θέλοντες,
792 2443 883 2512 παρὰ
926 2443 1062 2494 οινίκων
1081 2441 1135 2493 καὶ
1152 2437 1238 2493 lide

257 2531 318 2576 μου
344 2511 577 2575 σεμνύνονται
599 2512 733 2574 μαθεῖν·
775 2512 807 2562 οὐ
830 2513 883 2581 μὴν
908 2511 967 2562 odd'
992 2511 1032 2562 ἐπ’
1056 2510 1161 2562 ἐκείνου
1185 2514 1239 2562 τοῦ

276 2582 358 2650 ρόνου
380 2581 490 2632 δύναιτό
513 2599 556 2640 τις
578 2578 610 2630 ἂν
635 2579 722 2638 δεῖξαι
745 2580 899 2648 σωζομένην
926 2580 1102 2648 ἀναγραφήν,
1129 2576 1187 2631 od?
1207 2583 1237 2629 ἐν

254 2600 360 2717 ίεροῒς,
380 2647 435 2699 οίῖτΡ
455 2649 483 2699 ἐν
504 2649 642 2718 δημοσίοις
659 2648 840 2717 ἀναινήμασιν,
877 2650 997 2712 (Miratur
1014 2649 1062 2699 hoc
1079 2649 1099 2700 Ι,
1119 2649 1151 2700 G.
1171 2648 1237 2699 Vos·

258 2720 310 2768 sius
329 2730 432 2784 propter
449 2718 545 2768 nobilia
563 2721 751 2784 epigrammata
767 2717 898 2770 Herodoti.
934 2717 1017 2767 Aliter
1038 2733 1108 2766 nnnc
1126 2719 1239 2767 sentient

257 2787 285 2846 ii,
304 2787 346 2850 qui
365 2803 441 2851 supra
458 2805 473 2836 a
492 2803 532 2836 me
549 2787 670 2852 scriptum
689 2787 826 2851 probarint.
856 2785 983 2836 Nimirum
1002 2785 1125 2851 Iosephus
1144 2800 1238 2850 operae

258 2857 366 2919 pretium
385 2870 436 2904 non
455 2855 537 2915 duxit,
556 2855 607 2905 illis
627 2861 651 2904 et
669 2853 794 2904 similibus
813 2854 905 2903 sabulis
929 2853 1068 2903 refutandis
1091 2855 1221 2902 immorari
1228 2869 1237 2913 3

257 2930 282 2972 et
300 2922 412 2972 fecerant
429 2922 455 2971 id
475 2931 534 2972 ante
552 2939 609 2973 eum
629 2923 672 2972 alii
685 2922 767 2982 multi,
786 2930 815 2972 ut
826 2922 868 2971 hic
880 2921 935 2987 ipse
947 2921 1018 2971 locus
1032 2921 1153 2971 ostendit.
1182 2921 1238 2970 Iam

257 2989 394 3054 diligenter
412 2991 556 3040 consideres
576 3007 640 3056 qnae
660 2989 754 3056 addin)
767 2985 853 3039 “Onon
871 3003 904 3055 γε
922 2987 964 3038 καί
984 2986 1065 3055 περὶ
1087 2989 1154 3037 τῶν
1181 2986 1237 3038 ἐπὶ

261 3052 389 3123 Τροίαν
420 3058 605 3116 τοσούτοις
631 3056 727 3107 ἔτεσι
755 3055 1053 3124 στρατευσάντων
1082 3055 1236 3122 ὕστερον

258 3122 368 3192 πολλὴ
387 3125 533 3190 γέγονεν
552 3124 677 3191 ἀπορία
695 3123 799 3174 τεκαὶ
818 3123 972 3191 ζήτησις,
986 3123 1016 3172 εί
1035 3123 1237 3191 γράμμασιν

260 3196 434 3281 ἐηρωντοΙ
459 3194 503 3244 καὶ
528 3192 648 3261 τάληθὲς
670 3192 813 3260 ἐπικρατεῖ
832 3191 934 3253 μᾶλλον
960 3191 1022 3258 περὶ
1044 3195 1094 3241 τοῦ
1118 3191 1168 3258 τὴν
1189 3193 1236 3241 νῦν

260 3278 345 3312 ουσαν
365 3262 419 3309 τῶν
438 3261 608 3329 γραμμάτων
623 3265 723 3330 χρῆσιν
743 3259 862 3317 ἐκείνους
879 3260 995 3326 ἀγνοεῖν.
1017 3257 1100 3316 Ὅλως
1118 3257 1237 3326 δὲπαρά

261 3325 446 3397 τοῖςἛλλησιν
458 3328 535 3379 οὐδὲν
548 3329 763 3395 ὁμολογούμενον
775 3325 931 3395 εὑρίσκεται
939 3327 1053 3395 γράμμα
1062 3324 1237 3394 τῆςὉμὴρου

261 3397 398 3465 ποιήσεως
415 3395 615 3463 πρεςβύτερον.
664 3394 749 3454 Οὗτος
773 3396 802 3446 δὲ
824 3394 867 3444 καὶ
890 3401 945 3445 τῶν
972 3391 1096 3462 Τρωικῶν
1116 3393 1236 3461 ὕστερον

261 3464 386 3530 φαίνεται
403 3465 561 3531 γενόμενος.
596 3461 653 3515 Καί
668 3481 749 3530 φασιν
769 3464 834 3514 οὐδὲ
853 3467 949 3514 τοῦτον
973 3462 1001 3513 ἐν
1024 3462 1167 3530 γράμμασι
1185 3463 1236 3532 τὴν

260 3531 346 3583 αὑτοῦ
364 3535 469 3601 ποίησιν
489 3532 660 3594 καταλιπεῖν,
679 3531 747 3582 ἀλλὰ
771 3531 1051 3600 διαμνημονευομένην
1069 3531 1099 3581 ἐκ
1117 3533 1171 3582 τῶν
1190 3530 1237 3582 ἀσ-
