2694 4116
520 278 729 331 -151-

136 438 212 494 modi
232 437 345 494 serenda
365 456 438 508 esse,
463 413 646 508 necindigna
665 399 799 506 repetitu,
826 453 896 507 quae
915 435 962 490 ille
983 435 1018 490 ad
1038 453 1115 506 prae·

138 521 220 586 cepta
240 533 290 569 sua
309 516 396 586 rigide
421 520 583 571 mutaverat.
631 511 686 567 Sed
713 512 856 568 obscurius
881 519 923 568 eet
947 512 1001 568 hoc
1027 519 1116 567 totum

137 609 225 665 genus
245 609 344 661 rerum,
366 611 448 665 quam
467 599 498 648 ut
518 591 654 647 hocloco
674 590 805 644 illustrari
826 589 961 661 queat³³).

207 738 241 805 88)
258 740 342 791 Unam
360 755 413 790 rem
432 737 541 788 breviter
565 734 703 800 attingam,
728 734 822 784 formes
845 741 871 786 et
893 740 1033 800 potestates
1058 751 1118 800 pro-
1177 746 1180 752 '

138 807 269 860 nominum
287 810 319 860 ab
337 807 484 860 Aristarcho
502 805 643 856 accuratius
661 805 819 855 constitutas.
854 801 921 853 Nam
944 802 993 853 hoc
1017 819 1119 870 quoque

138 877 172 928 ad
190 892 249 928 eum
267 876 426 928 referendum
443 881 491 933 est.
509 871 578 940 quod
600 871 678 936 σφῶε
696 889 711 922 a
729 871 817 936 σφῶϊ,
844 869 891 920 ἑοῦ
915 871 947 921 ab
971 866 1001 919 ἕο
1025 871 1119 922 distin·
1158 903 1161 910 s

137 947 234 1012 guitur,
255 946 323 1011 quod
341 942 414 1011 σφίν,
428 939 506 1010 σφός,
519 938 659 1008 σφέτερος
670 938 795 990 communi
809 955 857 990 usu
870 938 902 991 de
915 939 1030 1004 pluribus
1043 955 1118 989 usur-

139 1019 214 1080 patur
237 1015 263 1064 in
287 1017 362 1066 tertia
384 1028 511 1079 persone,
535 1007 582 1066 ἑός
604 1009 636 1058 de
654 1025 705 1058 uno
723 1015 772 1059 etc.
791 1006 828 1059 Gi.
848 1007 943 1060 Scholl.
961 1007 994 1057 ad
1013 1023 1038 1058 a.
1059 1008 1119 1062 216.

138 1099 161 1132 κ.
181 1081 240 1137 546.
259 1079 283 1132 λ.
303 1084 361 1138 142.
392 1080 514 1148 Apollon.
527 1079 558 1128 11.
579 1096 603 1144 p.
626 1077 681 1132 159.
701 1078 759 1131 169.
781 1077 877 1142 [Apoll.
890 1076 922 1128 de
935 1093 1005 1142 prou.
1019 1094 1044 1142 p.
1056 1073 1119 1142 399]

139 1149 204 1201 alibi
221 1152 327 1216 passim.
355 1149 480 1200 Nimirum
499 1166 538 1208 es,
556 1163 620 1212 quae
637 1145 689 1197 leui
708 1145 860 1196 correctione
878 1146 903 1196 in
927 1145 1011 1211 poetis
1029 1143 1121 1194 mutari

139 1227 277 1286 poterent,
300 1225 407 1270 mutavit
424 1216 481 1277 ille;
508 1232 576 1282 quae
595 1223 680 1264 eutem
697 1213 744 1265 tuli
768 1213 914 1266 correctioni
939 1214 1122 1279 repugnabant,

140 1303 188 1354 pro
205 1286 365 1354 interpolatis
377 1287 475 1349 hebuit,
494 1295 524 1336 ut
542 1301 563 1338 κ.
576 1284 721 1338 stt-399.
739 1289 843 1350 propter
860 1282 924 1332 illud
936 1277 1007 1342 μετὰ,
1019 1280 1121 1347 σφίσιν,

140 1355 208 1405 iuter
226 1371 276 1404 voc
311 1355 365 1406 Sed
386 1355 437 1406 hec
454 1361 582 1420 potestate
605 1351 761 1418 pronominis
785 1350 861 1401 huius
879 1350 992 1402 offensus
1010 1369 1061 1404 non
1080 1353 1121 1404 vi-

140 1425 216 1475 detur
237 1422 356 1489 Apellen.
381 1423 447 1483 Rh..
470 1439 548 1488 quum
573 1420 680 1472 eandem
703 1419 810 1469 sormam
832 1418 945 1484 posuerit
968 1421 1042 1473 etiam
1060 1424 1087 1473 in
1106 1425 1121 1478 1

139 1507 252 1558 persone
270 1491 302 1543 de
320 1490 435 1556 pluribus
448 1491 479 1552 ll,
502 1491 576 1544 1277.
605 1487 676 1554 [Vos.
688 1487 782 1538 Herod.
801 1489 825 1548 3,
839 1489 870 1542 71
889 1487 963 1556 extr]
991 1493 1031 1542 lta
1047 1491 1122 1557 lapse

141 1561 190 1610 sub
204 1561 356 1611 Caesaribus
374 1561 498 1626 graecitas
511 1560 665 1609 accusativos
677 1556 752 1621 σφᾶς
762 1553 862 1613 αὐτούς
878 1559 919 1609 vel
930 1559 957 1608 in
970 1575 1047 1626 prose
1059 1561 1092 1611 ad
1106 1563 1121 1615 l

141 1645 277 1693 personam
296 1627 439 1686 revocavit3
458 1626 570 1694 nequid
590 1625 673 1676 dicam
692 1626 723 1676 de
742 1633 842 1675 vetusto
860 1635 964 1678 auctore
983 1630 1123 1695 Argonaut.

141 1696 258 1763 Orphic.‚
278 1697 321 1747 cui
340 1693 403 1762 σφίν
422 1693 500 1746 ferme
517 1695 597 1745 instar
615 1703 654 1744 cst
668 1693 761 1747 Protei.
782 1723 810 1732 -
833 1687 975 1762 Σφέτερος
992 1714 1065 1764 porro
1084 1703 1124 1748 est

140 1774 221 1815 uester
245 1765 271 1814 in
296 1758 497 1831 Prooem'Epr.
516 1763 630 1822 Hesiod,
655 1762 723 1827 quod
745 1763 900 1827 prooemium
925 1773 953 1814 ut
976 1764 1066 1815 incerti
1089 1764 1122 1817 sit

140 1835 252 1883 auctoris
259 1869 266 1893 ,
293 1839 444 1884 vetustatem
466 1841 550 1883 tamen
572 1831 671 1882 redolet
694 1831 797 1880 minime
815 1832 991 1897 spernendam.
1027 1832 1124 1884 Verum

142 1918 199 1951 eam
224 1901 385 1951 insolentiam
409 1917 458 1950 non
483 1903 539 1950 sine
560 1907 620 1949 uota
642 1898 799 1949 demiserunt
816 1907 912 1950 veteres
936 1901 1068 1968 magistri,
1091 1901 1124 1952 de

141 1969 268 2020 sententia
277 1969 423 2026 Aristarchi,
437 1969 541 2034 opinor:
555 1975 581 2016 at
591 1966 683 2016 imitati
699 1983 754 2016 eam
767 1975 827 2018 sunt
842 1973 917 2032 podta
929 1969 956 2018 iu
967 1969 1124 2021 Theocriteis

143 2037 229 2097 XXII,
248 2039 300 2097 67„
325 2036 447 2102 Apollou.
466 2036 511 2087 IV.
530 2035 619 2096 1327..
638 2033 751 2094 Quintus
774 2035 873 2102 Smyrn.
898 2046 924 2088 et
948 2037 999 2090 alii.
1036 2037 1125 2098 Quid?

143 2107 212 2172 quod
230 2109 307 2171 pob'ta
322 2107 349 2154 in
362 2104 468 2154 uheocr.
481 2103 563 2163 XXV.
579 2103 635 2156 163.
648 2102 715 2153 idem
734 2120 871 2170 pronomen
891 2105 975 2170 posuit
991 2122 1037 2172 pro
1051 2103 1123 2166 ἐμός.

143 2173 217 2236 Quod
237 2173 382 2238 exemplum
402 2189 479 2238 quum
492 2188 560 2221 nunc
572 2171 675 2221 unicum
689 2173 728 2232 sit,
742 2174 854 2222 certatim
868 2173 895 2223 id
907 2173 1032 2224 mirantur
1044 2173 1122 2237 docti,

140 2243 189 2292 etsi
208 2241 291 2291 minus
310 2240 429 2305 displicet
448 2239 500 2290 illis
520 2237 659 2305 σφέτερος
677 2239 708 2289 de
731 2257 782 2290 uno
806 2240 831 2289 in
851 2243 866 2294 3
885 2258 951 2307 pers.
974 2249 1125 2308 usurpatum

142 2328 183 2376 ap.
202 2309 308 2360 Hesiod.
333 2309 373 2359 Sc.
392 2307 426 2363 H.
445 2309 496 2373 90.‚
515 2307 654 2357 Pindarum
672 2308 788 2374 aliosque
808 2307 888 2376 [apud
907 2309 997 2376 Polyb.
1016 2310 1123 2376 passim,

144 2387 173 2428 ut
199 2381 221 2439 1,
241 2379 282 2436 50.
303 2378 326 2429 2.
346 2379 371 2435 2,
389 2378 432 2437 49,
451 2378 474 2430 6.
498 2377 523 2435 3.
549 2378 572 2440 6,
601 2378 641 2429 11.
662 2375 804 2442 Thucydid.
824 2378 848 2437 7,
869 2379 882 2430 1
901 2376 972 2444 (447,
990 2379 1043 2443 31).
1061 2380 1122 2438 'l‚4

143 2446 214 2512 (449,
228 2444 293 2511 96)],
312 2453 388 2510 atque
406 2445 454 2494 ista
472 2443 607 2494 insolentia
619 2443 702 2494 forsan
722 2445 758 2494 sic
777 2443 877 2495 delendi
896 2448 985 2511 possit,
1004 2454 1040 2509 ut,
1059 2463 1124 2513 quo-

140 2519 212 2596 niam
230 2512 369 2580 ἡμέτερος
390 2513 429 2596 ab!
443 2514 539 2578 optimo
562 2527 662 2592 puoque
690 2512 790 2578 ponitur
813 2529 858 2578 pro
884 2511 959 2573 ἐμός,
989 2523 1016 2565 et
1037 2530 1125 2566 rursus

141 2579 1126 2714 tlffittttdtssttulttttttutttlr33:313.3333

142 2735 216 2768 usum
236 2734 319 2781 suum,
339 2718 447 2767 simodo
460 2715 556 2767 idfeeit
585 2715 671 2768 rimus.
688 2746 714 2754 -
734 2715 872 2768 Simillime
890 2719 982 2769 Graeci
1000 2726 1127 2770 torserunt

145 2802 284 2852 pronomen
302 2787 318 2838 3
337 2801 462 2849 personae
481 2786 547 2849 sing.
566 2735 624 2845 icc,
643 2791 672 2834 ut
690 2784 716 2835 id
734 2801 835 2851 quoque
852 2786 878 2836 in
897 2803 985 2838 omues
1003 2804 1125 2853 personas

142 2856 276 2920 utriusque
298 2853 395 2903 numeri
415 2853 574 2903 adsciverint.
602 2851 698 2918 [Apoll.
719 2853 750 2902 de
768 2870 839 2918 pron.
860 2872 882 2921 p.
897 2854 958 2920 360]
987 2854 1026 2905 De
1043 2857 1125 2920 prime

143 2922 280 2988 singularis
299 2920 442 2986 exemplum
462 2928 577 2986 superest
594 2924 621 2970 in
640 2919 731 2986 Odyss.
752 2936 773 2970 ν.
793 2923 860 2982 320..
879 2931 995 2972 notatum
1014 2924 1045 2972 ab
1064 2923 1124 2974 Ari·

143 2990 275 3050 starcheis,
296 2999 323 3039 ut
340 2987 463 3052 suspicor,
482 2996 548 3039 certe
567 2990 599 3039 ah
616 2989 736 3053 Apollou.
757 2989 827 3040 Alex.
847 2988 891 3039 111.
910 3007 935 3056 p.
956 2992 1012 3043 197.
1044 2992 1124 3042 Atta-

142 3073 201 3107 men
219 3057 287 3108 hunc
305 3072 406 3124 quoquo
423 3073 498 3106 usum
522 3059 548 3106 in
572 3055 710 3108 cultissima
729 3057 848 3108 Carmine
871 3073 918 3108 sne
940 3059 1125 3110 transtulerunt

142 3124 262 3191 Apollon.
280 3125 330 3176 Rh.
349 3123 394 3185 tv,
416 3126 489 3178 1015.
508 3132 533 3174 ct
549 3124 669 3175 Moschus
687 3123 732 3184 IV,
752 3126 792 3177 71.
823 3124 864 3176 De
883 3126 996 3177 secunda
1014 3142 1125 3194 persone

142 3193 280 3258 singularis
298 3208 366 3242 nunc
390 3209 467 3242 unum
491 3193 636 3258 exemplum
661 3193 767 3256 praebet
785 3192 876 3259 Odyss.
901 3210 926 3243 α.
945 3196 1020 3255 402..
1043 3195 1122 3258 aliud,

142 3277 226 3326 neque
243 3260 271 3311 id
288 3263 364 3326 plene
388 3269 497 3320 certum,
516 3259 621 3310 Hesiod.
634 3255 709 3326 Ἕργ.
728 3261 797 3320 381..
824 3261 868 3311 sed
893 3262 968 3327 plura
984 3262 1123 3314 Batracho-

143 3329 304 3394 myomachia
321 3337 346 3379 et
364 3327 510 3393 posterioris
530 3328 620 3378 aetatis
639 3327 720 3394 llpici.
749 3329 889 3394 Excepisse
907 3337 993 3380 autem
1012 3329 1123 3381 Arister-

142 3397 205 3448 chue
223 3397 321 3447 videtur
340 3397 483 3448 anomalam
502 3394 608 3446 lormem
627 3393 700 3461 ἑῆος,
719 3412 795 3461 quam
814 3397 873 3447 olim
892 3397 959 3447 male
983 3397 1122 3448 confunde-

143 3465 202 3515 bam
217 3463 279 3530 [imo
291 3472 362 3516 recte
374 3465 550 3530 comparabam
562 3464 650 3514 Schol.
663 3465 725 3516 Ven.
741 3466 781 3527 15,
796 3465 845 3518 138
863 3465 879 3533 ἡ
894 3463 972 3531 διπλῆ
988 3461 1122 3548 dreruo'·

145 3531 225 3589 δοτος
241 3531 345 3600 γράφει
364 3531 421 3590 troc
439 3531 513 3594 doio,
529 3532 613 3582 τοῦτο
631 3529 661 3580 δὲ
685 3529 715 3580 ἐν
734 3532 773 3599 τῷ
790 3528 858 3599 περί
872 3548 947 3589 τινος
963 3531 1034 3601 λόγῳ
1049 3532 1123 3584 rule-
