2694 4116
639 327 849 382 -142-

258 486 376 554 Horatii,
396 501 488 540 cerua
508 501 575 553 quoa
593 483 722 540 iudiowit
743 486 857 541 Homer-i
873 502 928 540 aaa
947 504 1021 555 esas,·
1046 503 1135 557 nequa
1156 490 1236 558 aqui·

258 565 321 620 dem
347 561 458 630 dubito,
484 560 550 631 quin
575 561 595 616 ii
619 563 737 616 maxims
763 579 796 618 ex
821 567 899 634 parte
923 565 993 620 tales
1018 564 1070 619 viai
1094 566 1149 619 sint
1169 565 1237 620 Ari·

259 638 385 695 starcho:
413 638 488 708 (nem
513 637 580 692 varii
606 638 681 692 modi
701 639 916 709 corruptelarum
936 645 964 694 et
982 642 1238 710 interpolationum,

259 733 327 788 quas
347 716 496 770 Homerum
516 720 658 784 expertum
677 732 759 786 supra
785 716 913 785 exposui,
940 718 1025 772 multo
1050 718 1150 772 clarius
1176 724 1240 772 tum

259 793 388 864 cognosci
412 797 573 862 potuerunt,
604 807 686 860 quarn
716 808 749 846 ex
779 799 855 846 tanto
880 792 1026 850 intervallo
1051 797 1238 864 temporum)

258 875 378 925 attamen
397 885 452 923 non
472 867 570 934 oredo,
595 867 675 921 istam
701 885 758 922 rem
785 868 819 922 ab
842 868 888 923 illo
908 871 937 922 in
957 887 1055 942 magno
1075 871 1237 927 discrimine

258 948 375 1017 positam
396 961 463 1000 esse.
503 943 591 998 Immo
612 960 694 1012 quum
714 944 811 998 horum
831 949 983 1014 temporum
998 955 1026 1001 et
1039 946 1182 1001 hominum
1198 949 1239 1002 in-

258 1024 339 1094 genia
358 1022 473 1088 intueor,
495 1027 523 1074 et
541 1020 614 1073 clara
634 1027 756 1074 veterum
777 1021 933 1076 testimonia
953 1030 1079 1078 accurate
1093 1040 1239 1094 comparo,
1294 1061 1299 1074 .

258 1099 344 1154 videri
365 1097 431 1151 rnihi
451 1097 522 1152 solet
536 1096 712 1152 Aristarchus
731 1114 785 1150 non
806 1096 885 1152 alitor
899 1100 1058 1154 tractavisse
1072 1100 1239 1168 Homerum,

257 1193 292 1232 ac
312 1175 381 1230 Cato
401 1173 447 1229 ille
467 1173 616 1240 Lucilium,
643 1173 719 1226 cuius
745 1173 814 1226 male
830 1175 925 1242 factos
949 1193 1042 1229 verm
1069 1177 1241 1246 ammantat,

258 1258 341 1322 atque
362 1251 462 1304 Varius
483 1254 510 1304 at
530 1249 623 1303 Tucca
635 1248 744 1320 Virgilii
764 1250 952 1319 imperfectum
972 1257 1071 1322 poiima
1090 1256 1239 1309 tractaturi

258 1329 381 1395 brisaent,
402 1325 453 1380 nisi
472 1326 612 1381 morientis
631 1326 712 1380 amici
732 1333 760 1380 ct
779 1325 899 1398 Augusti
919 1329 1045 1384 voluntas
1064 1331 1241 1385 intercessis-

257 1404 353 1473 cetu).

336 1480 445 1550 Quippe
464 1479 511 1532 illo
527 1478 695 1533 Graecorum
714 1497 793 1547 aevo,
814 1482 937 1552 quamvis
957 1482 983 1535 in
1005 1483 1123 1537 minutiis
1143 1502 1237 1553 gram·

258 1558 351 1613 malici
372 1557 480 1626 generis
500 1556 725 1625 occupatissimo,
748 1573 802 1610 non
822 1559 912 1627 potuit
932 1574 985 1612 non
1006 1559 1066 1612 vilis
1087 1566 1114 1613 et
1134 1562 1239 1615 eruditi

259 1633 377 1689 hominia
401 1633 526 1688 acumine
552 1650 649 1703 parum
670 1633 752 1704 digna
771 1633 866 1689 haberi
887 1635 956 1690 haee
976 1653 1042 1690 cura
1060 1636 1145 1690 libros
1165 1637 1239 1691 divi-

258 1711 341 1765 dendi
361 1710 389 1763 in
409 1715 509 1778 partes,
529 1709 716 1780 praeponendi
735 1709 888 1777 summaria,
910 1711 1019 1765 codices
1032 1713 1144 1767 interae
1159 1730 1236 1768 oom-

258 1785 380 1860 parandi,
400 1785 572 1840 librariorum
585 1784 683 1840 ruenda
696 1786 817 1852 tollendi,
832 1788 969 1842 vocabula
982 1789 1066 1858 signis
1080 1788 1234 1844 distinctio-

258 1882 323 1918 num
343 1869 371 1917 et
390 1869 551 1918 accentuum
570 1863 691 1928 notandi,
713 1870 741 1916 et
761 1863 783 1916 si
804 1881 859 1933 qua
878 1864 930 1918 alie
950 1870 1021 1932 sunt,
1044 1881 1113 1934 quae
1134 1867 1238 1935 partim

260 1941 432 2011 assignantur
459 1937 669 1992 Grammatictis.
716 1938 762 1993 Ab
794 1939 835 1994 his
866 1940 990 1994 diversos
1017 1947 1124 1996 constat
1149 1942 1237 1997 luisse

256 2015 465 2083 Grammaticos,
486 2015 632 2069 verborum
653 2021 680 2069 at
699 2017 893 2070 sententiarum
912 2018 1080 2086 interpretes,
1100 2035 1133 2072 aa
1147 2020 1237 2073 multo

256 2094 345 2162 magis
366 2109 421 2159 eos,
442 2091 489 2162 qui
508 2111 527 2148 a
545 2091 680 2146 nonnullis
700 2093 855 2148 subtiliores
876 2101 904 2148 at
923 2094 1073 2148 nobiliores
1093 2093 1237 2150 Gramma-

258 2169 306 2223 tici
325 2165 508 2237 vocantur¹⁶),
534 2167 659 2239 Cliticoa,
686 2186 801 2240 quorum
825 2188 921 2224 munus
943 2177 1016 2237 erat,
1042 2172 1236 2226 auctoritatem
1311 2167 1312 2174 ’

255 2252 287 2300 ct
305 2239 469 2310 γνησιόιητα
488 2251 612 2299 veterum
639 2248 802 2316 scriptorum
826 2248 980 2318 exquirere,
1009 2255 1036 2300 et
1060 2265 1110 2301 sua
1135 2249 1239 2318 cuique

260 2321 413 2388 vindicare,
439 2323 553 2376 maxime
579 2338 643 2375 vero
669 2324 784 2378 virtutes
804 2321 913 2377 illorum
932 2329 959 2377 ct
979 2323 1045 2377 vitia
1065 2340 1237 2392 percensere,

258 2406 290 2452 ut
309 2397 444 2451 discerent
463 2398 613 2466 auditores,
634 2399 699 2468 quid
712 2399 739 2452 in
752 2398 786 2452 iis
800 2399 967 2467 imitandum,
992 2399 1057 2470 quid
1079 2399 1148 2453 veris
1167 2403 1238 2454 scri·

260 2474 342 2529 bandi
362 2473 469 2544 legibus
490 2475 655 2530 contrarium
675 2482 756 2533 esset.
795 2475 848 2529 Illa
867 2481 910 2532 est
929 2475 946 2542 ἡ
965 2477 1018 2525 τῶν
1038 2472 1122 2540 λόγων
1135 2471 1240 2541 κρίσις,

257 2545 361 2614 πολλῆς
378 2545 478 2616 πείρας
496 2546 655 2599 τελευταῖον
674 2548 848 2619 ἐπιγέννημα,
873 2560 903 2607 ut
931 2555 971 2608 ait
994 2554 1149 2623 Longinus,
1179 2571 1239 2610 non

258 2629 328 2683 hacc
351 2628 380 2682 in
405 2628 572 2683 restituendo
598 2631 715 2699 genuino
742 2629 837 2685 habitu
863 2629 994 2684 librorum
1015 2636 1043 2684 at
1064 2630 1091 2683 in
1110 2632 1240 2702 aucupiis

262 2761 295 2768 .-

241 2808 362 2860 ,minima
380 2807 468 2858 debuit
485 2806 604 2868 dubitari,
622 2807 684 2874 quin
701 2805 864 2858 Aristarchus
877 2806 1044 2858 describatur.
1070 2805 1159 2858 Maiori
1180 2807 1241 2861 iare

256 2875 368 2928 dubitari
386 2878 521 2942 potuisset,
539 2892 626 2928 aanor
649 2875 717 2927 idam
739 2876 818 2927 stiam
841 2878 953 2941 proxime
976 2874 1140 2926 antecedente
1160 2893 1242 2928 versu

257 2943 370 2996 Ausonii
386 2943 543 2996 laudaretur.

268 3020 270 3026 ’
328 3013 361 3079 ¹⁴)
378 3013 518 3064 Notissima
536 3017 574 3062 est
591 3011 700 3062 historia
718 3027 749 3061 ex
765 3010 862 3061 Donati
882 3010 940 3062 Vita
958 3013 1028 3078 virg.
1047 3012 1069 3076 ξ.
1087 3013 1128 3068 52.
1146 3014 1194 3070 59.
1214 3023 1243 3066 st

258 3082 358 3132 lusibus
376 3085 516 3147 podtsrum.
552 3079 593 3130 Ad
617 3096 671 3130 rem
694 3094 745 3129 non
768 3078 836 3130 male
859 3086 1000 3146 congruunt
1020 3096 1109 3132 vorsus
1125 3080 1243 3149 Eugenii
1310 3099 1311 3102 ’

258 3149 343 3202 Praei.
361 3149 394 3200 sd
412 3148 542 3200 Dracontii
559 3147 683 3198 chsam.
700 3165 716 3198 s
733 3146 848 3199 Fabricio
866 3147 953 3199 allati:

378 3217 477 3278 Quodsi
494 3215 627 3283 Virgilius,
645 3224 672 3268 at
689 3225 776 3267 ratum
794 3231 917 3277 summus,
935 3216 1070 3278 Homerus,

380 3283 518 3336 Genesaram
536 3299 651 3335 mwuere
666 3299 758 3334 novam
772 3291 831 3349 post
841 3286 904 3350 sata
920 3282 1014 3348 subire,

378 3355 462 3416 Quam
480 3353 524 3404 dat
541 3351 712 3413 Aristarchus,
730 3352 822 3412 Tucca,
841 3352 991 3420 Variusque,
1008 3352 1160 3420 Probusquc
1179 3383 1216 3394 —

329 3419 568 3490 11)Δοιιιμώτατνοι
592 3415 778 3486 Γραμματικοί
797 3419 865 3488 apud
888 3420 980 3473 Athen.
1003 3419 1047 3472 111.
1072 3439 1097 3488 p.
1125 3423 1184 3478 116.
1209 3423 1245 3476 D.

263 3483 499 3610 ΤινξξὸΚριταῶν,
518 3488 535 3540 ὅ
553 3489 629 3538 ἐστιν
647 3486 855 3556 ἀκριβεστέρων
878 3485 1083 3556 Γραμματικῶν.
1118 3491 1244 3545 Emtatb.
