2694 4116
663 320 853 374 ..94-

275 477 447 532 comoediae:
468 477 495 531 in
515 482 558 531 tot
577 478 666 547 politis
679 478 794 532 forsitan
807 477 909 532 fuerint
922 476 1022 546 plures,
1043 476 1090 549 qui
1103 476 1245 530 Pisistrato

274 560 302 608 et
321 554 482 623 Hipparcho
509 555 537 607 in
561 555 635 608 illam
661 573 718 610 rem
741 553 905 610 adiutorium
925 554 1059 620 facerent,
1086 553 1244 623 praesertim

275 648 358 699 quum
377 637 501 701 uterque,
522 631 562 685 uti
582 632 692 699 artium,
716 632 754 686 ita
775 631 916 686 doctorum
936 630 1076 684 hominum
1094 629 1243 685 amantissi-

273 724 333 760 mus
353 714 433 762 esset.
471 707 638 762 Nominatim
658 709 728 762 enim
747 708 871 763 feruntur
890 723 951 760 oum
971 708 1005 760 iis
1025 706 1243 761 coniunctissime

274 783 372 838 vixisse
393 783 518 854 Orpheus
539 783 725 850 Crotoniates,
753 786 869 855 scriptor
887 782 1153 853 Argonauticorum,
1175 781 1244 838 Ono·

273 860 400 914 macritus
421 860 613 928 Atheniensis,
639 863 675 916 ab
695 862 854 931 Hipparcho
882 861 992 915 civitate
1016 861 1119 915 eiectus
1139 866 1244 928 postea,

270 935 421 992 Simonides
442 935 513 992 Ceus
534 945 561 993 et
581 939 662 992 Teius
682 937 827 992 Anacreon
835 937 880 1006 17).
913 937 1018 991 Horum
1049 937 1133 1006 igitur
1154 952 1244 1006 quem·

271 1015 344 1082 piam
372 1014 548 1068 coniioiebam
573 1014 628 1068 illis
653 1015 689 1070 ad
715 1015 865 1068 ordinanda
884 1011 1010 1068 Carmina
1036 1030 1150 1083 operam
1169 1029 1245 1082 prae-

271 1090 362 1144 buisse
384 1107 469 1144 suam.
499 1090 562 1161 Ipse
582 1097 656 1146 certe
675 1092 835 1146 Pisistratus
854 1107 964 1145 suarum
982 1107 1071 1145 rerum
1092 1089 1245 1159 satagebat,

271 1165 313 1220 his
333 1184 399 1220 vero
420 1168 505 1222 otium
525 1176 583 1222 erat
603 1175 631 1223 et
650 1169 799 1238 priscorum
820 1185 935 1236 operum
948 1183 1047 1237 magna
1060 1165 1245 1234 familiaritas;

269 1249 301 1297 ut
322 1242 506 1310 Onomacrito,
527 1245 603 1298 cuius
624 1245 745 1299 celebres
764 1243 986 1315 interpolationes
1007 1242 1111 1312 Orphei
1133 1249 1164 1296 et
1180 1242 1243 1295 Mu-

271 1319 327 1373 saei
347 1321 381 1372 ad
401 1321 461 1390 ipsa
479 1320 627 1389 primordia
646 1322 800 1391 scriptionis
819 1321 998 1375 retrahendae
1017 1327 1089 1373 sunt.

347 1395 533 1451 Temerarium
546 1403 622 1467 puto,
642 1416 675 1454 ex
689 1415 798 1468 quoque
812 1397 978 1452 deverticulo
991 1396 1148 1450 fabularum
1161 1396 1242 1451 vesti·

270 1472 316 1541 gia
335 1472 464 1529 historiae
485 1475 656 1544 exsculpere:
683 1476 803 1545 alioquin
827 1473 869 1527 his
890 1473 1053 1528 coniecturis
1074 1474 1195 1528 colorem
1216 1477 1245 1526 et

270 1547 351 1603 fidem
370 1567 527 1619 quaererem
547 1568 581 1603 ex
600 1569 648 1619 eo,
674 1551 749 1621 quod
772 1553 800 1605 in
819 1551 878 1604 istis
897 1550 1055 1604 commentis
1076 1549 1239 1604 Grammati-

271 1642 363 1678 corum
383 1633 411 1680 et
430 1626 503 1696 apud
523 1626 635 1681 Suidam
655 1628 799 1681 Pisistrato
821 1628 972 1696 complures
993 1626 1060 1679 socii
1080 1627 1172 1695 operis
1193 1625 1242 1680 ad·

270 1702 433 1760 scribuntur.
477 1702 516 1758 At
543 1711 693 1759 memoratu
720 1704 890 1774 dignissimus
920 1709 962 1756 est
986 1703 1063 1756 locus
1087 1703 1242 1756 Pausaniae

269 1784 332 1832 ante
352 1779 463 1848 allatus,
486 1780 534 1835 ubi
559 1798 643 1851 quum
662 1781 696 1834 de
716 1782 848 1834 varietate
868 1779 982 1834 nominis
1001 1779 1028 1832 11
1046 1775 1076 1840 β.
1095 1779 1156 1832 573.
1176 1778 1245 1848 agit,

270 1854 371 1910 diserte
389 1858 554 1911 mentionem
573 1858 639 1911 facit
658 1857 802 1910 Pisistrati
827 1855 1018 1928 amicorumet
1037 1856 1194 1909 adiutor-am
1214 1855 1244 1907 a'n

270 1932 360 1987 Iliade
379 1934 473 1987 titteris
492 1933 709 2004 mandanda¹⁸);
737 1939 768 1986 ut
788 1934 860 1987 clare
880 1938 1025 2003 appareat,
1051 1949 1108 1987 rem
1128 1931 1244 1986 anobis

173 2061 177 2072 ,
269 2016 427 2064 renovatam
440 2009 591 2066 Pausaniae
612 2018 702 2066 aetate
721 2009 840 2065 nondum
860 2011 942 2079 plane
964 2010 1137 2064 obscuratam
1149 2007 1245 2064 fuisse.

676 2203 840 2280 XXXV.
860 2267 865 2274 .

345 2359 422 2414 Haec
443 2378 525 2432 quurn
544 2361 584 2415 ita
602 2361 664 2431 sint,
685 2363 735 2416 sub
749 2362 862 2432 imperio
876 2360 1108 2416 Pisistratidernm
1122 2357 1245 2414 Graecia

272 2437 388 2507 primum
408 2446 503 2500 vetera
523 2435 647 2492 Carmina
667 2446 760 2493 vatum
789 2439 922 2492 mansuris
946 2437 1124 2491 monumentis
1153 2437 1246 2489 consit

268 2515 345 2584 gnari
365 2514 441 2568 vidit.
482 2515 630 2584 Talemque
651 2521 767 2570 aetatem
787 2516 837 2569 sub
858 2515 1022 2569 incunabula
1041 2514 1192 2567 litterarum
1214 2529 1244 2568 e·
1328 2569 1329 2582 p

267 2592 376 2646 maioris
396 2592 485 2645 cultus
506 2592 592 2645 civilis
612 2592 683 2662 apud
705 2609 734 2646 se
755 2590 880 2648 viderunt
899 2592 991 2661 plures
1011 2590 1148 2656 nationes,
1171 2606 1240 2659 qua·

266 2685 325 2721 rum
346 2668 510 2738 comparatio
530 2677 658 2723 accurate
677 2670 803 2724 instituta
821 2669 867 2736 iis,
893 2684 963 2738 quaa
988 2665 1033 2720 hic
1057 2666 1241 2734 disputamus,

266 2743 380 2797 multum
398 2745 465 2798 lucis
485 2746 581 2801 afferro
600 2746 695 2816 possit.
733 2745 812 2812 Nam,
833 2751 862 2799 ut
882 2745 950 2799 duas
964 2743 1053 2799 obiter
1067 2750 1187 2812 tangam,
1209 2749 1242 2796 et

268 2820 338 2873 inter
360 2838 390 2874 se
411 2827 438 2874 et
458 2819 571 2876 Graecis
597 2823 669 2876 orn'ni
694 2827 772 2892 parte
798 2821 1001 2888 dissimillimas,
1033 2825 1142 2874 constat
1166 2820 1240 2872 inter

268 2895 372 2964 doctos,
393 2897 420 2950 in
434 2897 581 2954 Germania
593 2906 695 2967 nostra,
717 2914 787 2968 quae
807 2898 956 2952 domestica
970 2897 1043 2951 bella
1056 2913 1073 2949 a
1085 2895 1239 2965 principum

266 2972 419 3042 ducumque
443 2991 555 3028 suorum
577 2981 656 3045 gesta
674 2976 727 3030 iarn
747 2980 809 3028 ante
828 2974 954 3028 Tacitum
975 2971 1146 3028 Carminibus
1167 2972 1239 3026 cele-

267 3050 409 3117 beaverat,
435 3051 485 3105 has
510 3053 641 3120 primitias
668 3051 743 3105 rudis
768 3052 868 3121 ingenii
893 3068 909 3105 a
937 3048 1036 3105 carolo
1062 3047 1099 3104 Μ.
1126 3047 1239 3103 tandem

267 3126 394 3182 collectas
414 3143 474 3182 esse
494 3134 522 3182 et
541 3129 616 3182 libris
636 3128 793 3197 mandatam
823 3128 942 3198 itemque
963 3126 1071 3182 Arabes
1095 3142 1150 3179 non
1175 3135 1241 3178 ante

335 3383 366 3452 ¹⁷)
384 3383 508 3436 Herodot.
526 3382 583 3444 vu,
600 3385 624 3438 6.
642 3383 716 3435 Plato
734 3381 751 3434 l.
770 3399 792 3434 e.
810 3380 882 3433 Snid
901 3380 974 3433 'iona
992 3379 1025 3431 II.
1043 3394 1101 3447 pag.
1119 3379 1180 3434 719.

334 3467 367 3536 ¹⁵)
380 3464 417 3520 Ἢ
435 3466 517 3519 αὐτὸν
537 3462 741 3535 Πεισίστρατον,
759 3467 777 3536 ἢ
798 3460 821 3518 Τ
820 3459 867 3518 θΝ
886 3458 968 3518 ΤΙΝΛ
985 3458 1137 3528 ΕΤΑΙΡΩΝ,
1154 3479 1238 3527 μετα-

268 3538 373 3603 ποιῆσαι
389 3535 420 3588 τὸ
437 3535 523 3600 ὄνομα
541 3535 592 3587 ὑπὸ
609 3535 728 3603 ἀγνοίας.
