2694 4116
639 301 829 358 ..73-

273 464 352 518 issetl
384 462 531 535 culpamus
551 463 659 532 quidem
680 480 749 532 eum,
770 469 899 534 tauquam
918 462 1012 516 rudem
1024 469 1243 533 praeceptorum,

274 557 344 612 quae
358 557 429 594 nunc
442 540 519 610 pueri
533 557 566 594 ex
579 539 721 595 Batteusio
735 538 854 596 discunt:
875 557 939 594 num
959 539 1045 593 minus
1064 540 1242 610 culparemus,

273 617 296 670 si
315 616 387 672 forte
405 617 496 672 Iliada
515 617 543 670 in
562 617 650 670 reditu
669 617 787 672 Achillis
806 617 918 682 finitam,
938 621 1022 685 atque
1041 616 1104 670 inde
1123 617 1159 671 ad
1173 617 1239 672 Hec·
1321 641 1322 646 ι

273 693 340 747 toris
361 692 442 748 sunus
462 694 499 749 ab
519 693 567 748 illo
587 694 740 763 suppletam
762 690 942 748 haberemus?
979 691 1196 747 Aceommodare
1215 701 1242 747 et

275 769 438 840 subiungere
452 787 482 825 se
496 769 577 824 rebus
591 771 642 823 scit
655 769 828 839 philosophia
842 771 917 837 artis,
938 785 991 823 nou
1011 787 1073 824 raro
1095 771 1178 824 etiam
1190 770 1240 823 for·

272 846 356 900 tuitis.
390 846 554 917 catalogum
567 847 705 915 copiarum
719 847 743 900 si
756 863 810 900 non
824 846 975 918 legeremus
992 846 1028 901 Il.
1043 847 1085 911 B.,
1108 847 1156 901 illa
1167 846 1242 914 nihil,

272 928 350 992 puto,
371 925 498 978 omissum
513 929 684 992 quereretur3
705 923 819 978 forsitan
833 924 903 978 odeo
918 929 1097 992 campartem
1111 921 1241 988 historici,

270 1016 325 1054 non
344 1003 443 1070 poetae
464 1016 522 1054 esse
537 999 682 1067 docuisset,
704 999 899 1069 ridendumque
914 1015 985 1066 esse,
1006 1000 1054 1069 qui
1068 999 1184 1053 heroum
1196 1016 1242 1052 no·

271 1076 358 1130 titiam
378 1078 483 1146 absque
504 1093 536 1130 ea
556 1092 676 1130 mancam
697 1074 916 1145 existimaretffi).

696 1250 821 1329 XXX.

346 1389 386 1444 At
410 1391 473 1446 licet
504 1398 627 1446 veterum
646 1392 770 1462 plerique
789 1392 933 1446 artificium
952 1397 1104 1446 structurae
1125 1398 1153 1447 et
1173 1409 1242 1447 corn-

271 1466 414 1537 positionis
436 1467 591 1524 carminum
610 1467 819 1522 Homericorum
839 1469 883 1522 vel
903 1468 1019 1534 assecuti
1040 1485 1094 1523 non
1114 1469 1177 1538 sint,
1199 1469 1239 1523 vel

269 1543 356 1596 minus
376 1550 510 1611 accurate,
531 1561 612 1612 quam
625 1544 707 1599 hodie
721 1547 847 1612 solemus,
869 1545 1054 1613 existimarint,
1075 1545 1241 1616 tamenqnin

270 1619 334 1672 insit
352 1618 380 1672 in
399 1619 431 1673 iis
451 1619 576 1690 aliquod,
604 1620 723 1675 dubitari
742 1622 816 1675 nullo
837 1627 917 1691 pacto
939 1628 1039 1690 potest.
1079 1621 1127 1676 Sin
1148 1629 1237 1676 autem

270 1694 441 1762 dubitamus,
468 1695 616 1751 Homerine
636 1697 664 1751 id
684 1699 732 1765 sit,
757 1715 791 1751 an
818 1698 852 1751 ab
874 1698 933 1751 aliis
953 1698 1080 1767 ingeniis,
1107 1699 1240 1752 invitante
1323 1735 1324 1750 ι

258 1771 327 1841 ipso
348 1782 506 1842 argumento
528 1790 621 1827 sorum
641 1781 669 1827 et
689 1739 782 1827 ordine
801 1774 924 1841 fabulae,
944 1774 1093 1841 adscitum,
1114 1776 1237 1844 quaestio

269 1847 336 1903 haec
356 1853 398 1903 est
409 1849 585 1930 eiusmodi,
577 1868 604 1904 ιιι
625 1867 680 1920 qua
698 1867 761 1917 non,
783 1851 849 1920 quid
869 1851 983 1920 poiiticis
1003 1815 1111 1921 legibds
1126 1867 1236 1905 consen-

268 1931 377 1980 taneum
396 1932 443 1980 aut
461 1930 560 1996 poetae
580 1927 757 1981 honorificum
776 1933 913 1997 putemus,
934 1927 1110 1996 spectandum
1126 1927 1170 1996 sit,
1192 1926 1237 1981 ssd

270 2002 335 2070 quid
356 2019 388 2054 ex
410 2003 544 2056 historicis
566 2010 593 2057 et
613 2004 713 2058 criticis
733 2003 882 2058 rationibus
903 2004 1047 2058 verisimile
1068 2021 1127 2058 esse
1148 1969 1238 2058 videa·

267 2085 319 2130 tur.
360 2077 448 2131 Etiam
476 2079 546 2132 hanc
574 2082 760 2148 quaestionem
782 2097 853 2149 pono
875 2086 988 2148 tantum,
1010 2097 1065 2133 non
1084 2086 1237 2151 pertracto:

268 2158 309 2206 est
330 2154 400 2207 enim
419 2155 564 2208 immensae
585 2157 723 2245 materiae,
744 2174 793 2211 nec
807 2153 965 2213 lnecessaria
977 2158 1120 2226 proposito
1134 2164 1237 2211 nostro

267 2228 378 2283 Interim
398 2230 467 2285 duae
489 2247 531 2285 res
552 2231 596 2285 hic
615 2234 709 2302 paucis
729 2233 902 2302 attingendae
916 2243 987 2301 sunt,
1009 2251 1079 2302 quae
1098 2234 1143 2287 vel
1163 2233 1237 2287 solae

266 2306 446 2376 suspicionem
467 2308 604 2379 compagis
626 2309 749 2364 manibus
769 2310 863 2363 alienis
884 2310 1000 2364 factas'
992 2328 1022 2363 m
1042 2315 1159 2422 utroque
1174 2307 1235 2363 Car·

265 2383 335 2436 mine
356 2393 551 2439 commoveant

344 2459 463 2515 Alterius
491 2461 596 2532 generis
615 2469 677 2516 sunt
698 2462 843 2517 eminentes
864 2464 968 2532 aliquot
989 2470 1016 2517 et
1037 2417 1143 2518 hiantes
1163 2479 1235 2517 com·

264 2534 403 2599 missuras,
435 2555 503 2608 quas
523 2554 571 2606 per
591 2539 664 2594 vices
685 2539 840 2608 saepissime
863 2539 996 2609 repetitae
1017 2540 1140 2594 lectionis
1161 2557 1234 2610 repe·

264 2612 316 2666 rire
336 2613 401 2666 mihi
422 2617 496 2668 visus
515 2632 587 2680 sum,
609 2622 636 2669 et
656 2617 764 2670 easdem
786 2621 813 2669 et
835 2615 929 2670 iisdem
950 2616 976 2668 in
996 2617 1082 2684 locis,
1103 2616 1185 2684 tales,
1205 2621 1235 2669 ut

265 2770 307 2818 tas
328 2781 403 2831 esse,
423 2767 471 2820 uhi
492 2784 546 2821 uno
567 2774 613 2821 aut
633 2769 719 2822 altero
742 2770 864 2838 exemplo
887 2767 1121 2834 demonstravero,
1142 2785 1233 2838 quem*

262 2839 303 2894 vis
323 2843 414 2895 statim
435 2860 632 2912 concessurum,
653 2861 701 2898 seu
721 2846 811 2914 potius
831 2846 918 2915 ipsum
933 2845 1012 2914 plane
1034 2862 1174 2899 sensurum
1194 2861 1232 2898 ar·

263 2917 356 2972 bitrer.
389 2918 450 2987 Qua
470 2921 497 2974 in
516 2936 546 2973 re
566 2921 589 2974 si
608 2937 657 2990 per
676 2927 718 2975 tot
738 2923 847 2975 saecula
860 2937 939 2975 nemo
957 2919 1073 2974 offendit
1087 2921 1234 2976 eruditissi.

264 3061 464 3073 ——-—.

330 3115 362 3179 ⁹⁶)
379 3115 429 3167 Hic
445 3116 519 3166 nobis
538 3115 564 3165 iu
582 3124 691 3166 mentem
703 3115 771 3167 venit
782 3120 986 3182 argumentorum
996 3113 1169 3176 ridiculorum,
1181 3131 1232 3175 seu,

262 3193 289 3235 ut
306 3184 374 3234 Gell.
392 3185 437 3244 ΙΙΙ,
457 3186 495 3237 11
516 3186 559 3244 ait,
578 3183 715 3234 admodum
732 3183 836 3243 leuium,
861 3198 906 3248 per
928 3198 993 3246 quae
1014 3183 1102 3234 Attius
1125 3183 1232 3234 ostendit

260 3253 400 3330 llesiodum
418 3253 529 3302 Homero
548 3259 611 3302 natu
628 3255 746 3318 priorem.
785 3218 858 3306 Quid
883 3248 1020 3309 Homerus,
1044 3250 1134 3316 inquit,
1159 3267 1231 3314 qnam

261 3319 289 3368 in
304 3320 434 3384 principio
455 3318 581 3370 Carminis
597 3318 715 3371 Achillem
727 3335 778 3370 esee
789 3317 877 3384 fllium
894 3315 963 3368 Pelei
982 3318 1084 3379 diceret,
1106 3318 1163 3382 quia
1175 3327 1231 3369 esest

260 3386 365 3449 Peleos,
387 3405 439 3438 ιιοιι
462 3387 579 3438 addidit·
603 3405 677 3452 quam
703 3404 755 3438 rem
776 3385 867 3451 procul
891 3385 968 3435 dnbio
992 3385 1113 3450 dixisset,
1132 3385 1185 3436 miss
1179 3386 1230 3436 'ol

229 3497 233 3506 ,
259 3453 402 3506 Hesiodo·
391 3474 444 3506 snm
462 3455 554 3507 dictum
572 3454 666 3507 videret
684 3466 734 3508 etc.
768 3456 840 3507 Haec
857 3453 981 3521 quomodo
1000 3454 1063 3505 illuc
1080 3454 1230 3522 pertineant,

258 3525 433 3592 unusquisqne
450 3525 526 3577 videt.
