2694 4116
639 337 849 390 -128-

259 496 334 570 quod
353 493 500 552 identidem
520 493 732 566 computandum
751 499 808 562 est,
833 494 857 552 si
876 492 948 556 forte
969 493 1149 564 exemplaria,
1183 495 1250 564 qui-

258 573 312 630 bua
331 571 474 638 utebatur,
491 567 605 626 'mendis
629 571 772 642 inquinata
791 576 868 626 erant
887 575 916 624 et
934 569 1021 637 vitiis,
1048 570 1143 640 qualia
1167 586 1245 626 mon·

261 649 336 717 pulla
356 647 448 718 paullo
468 653 532 704 unte
553 641 782 720 eognovimusll).
821 647 929 702 Numae
955 646 1037 716 igitur
1055 645 1250 706 absurdos-um

261 727 388 792 omnium,
410 742 480 794 quae
494 721 652 778 Zenodotea
666 725 800 791 dicuntur,
827 739 896 778 unus
909 722 989 776 nobie
1002 721 1160 778 Zenodotus
1178 739 1250 778 reus

261 802 382 872 agendus
402 799 471 856 orit‘?

339 877 380 932 Ar
402 876 578 946 interpolavit
601 877 663 946 xipse
690 876 839 947 quaedem,
870 877 1039 946 mutavitque
1064 879 1176 948 potitam
1211 876 1248 930 ad

261 953 402 1009 libidinem
428 969 504 1007 suam
533 960 560 1008 et
584 953 690 1022 priseae
717 952 847 1008 orationis
877 953 1036 1022 morumque
1065 951 1249 1008 heroicorum

261 1031 437 1090 insolentiam.
477 1029 512 1084 Id
538 1027 633 1099 utique
659 1037 795 1096 accusant
809 1027 992 1096 Scholiasta03
1018 1045 1068 1084 nee
1092 1029 1248 1098 quiequam

261 1107 384 1164 dubitet:
404 1107 454 1161 etsi
475 1123 607 1176 nusquam
627 1107 692 1162 satis
712 1106 890 1176 distinguunt,
908 1105 975 1175 -quid
996 1104 1054 1174 ipse
1075 1105 1108 1158 de
1130 1122 1182 1160 auo
1199 1107 1250 1160 in-

262 1185 375 1251 vexerit,
395 1183 461 1252 quid
481 1182 545 1236 olim
565 1183 709 1252 vulgatum
721 1179 907 1251 inveneritw).
943 1179 1046 1235 Contra
1058 1180 1139 1236 iidem
1154 1199 1246 1252 quae-

224 1461 225 1466 *
262 1405 323 1468 aeno
341 1386 493 1440 doctissimis
511 1384 654 1439 hominibus
673 1401 725 1438 non
742 1385 844 1436 nisiex
863 1385 970 1436 aliarum
988 1387 1112 1451 excerptis
1123 1388 1247 1452 cognitas

265 1457 364 1576 fin”lli
384 1521 445 1588 Gap.
471 1521 605 1576 XXXVII.
636 1539 674 1587 sq.
715 1522 746 1574 In
775 1523 867 1588 primis
888 1520 941 1572 huo
964 1519 1030 1572 rst'er
1053 1521 1149 1572 menda
1170 1523 1245 1573 anti·

267 1589 403 1658 quissimus
421 1589 569 1656 scripturae,
587 1589 740 1644 continentis
765 1599 791 1640 ot
810 1589 977 1652 ,imperfectae
998 1590 1067 1640 notis
1089 1588 1246 1650 litterarum,

264 1668 319 1714 tum
337 1659 498 1710 oscitationes
516 1657 676 1708 librariorum
694 1657 719 1708 in
744 1657 817 1712 oodd.
842 1655 882 1714 εἷς
905 1655 1008 1724 πράοιν
1031 1655 1246 1724 γεγραμμένοις,

265 1743 328 1794 quos
346 1725 438 1776 Strabo
456 1726 521 1776 dicit
539 1735 598 1776 noto
622 1725 681 1778 loce
698 1725 767 1778 xtlt.
791 1745 815 1794 p.
835 1726 893 1780 609.
913 1724 994 1792 (907.)
1029 1725 1169 1776 Posteriori
1194 1743 1246 1791 ge·
1336 1739 1337 1746 ¹

265 1795 319 1846 ueri
337 1793 504 1846 adscribenda
520 1805 580 1846 suut
598 1793 667 1844 haud
686 1792 764 1844 dubia
780 1793 834 1845 mul
847 1810 876 1852 a,
895 1810 960 1860 quae
983 1810 1014 1843 ex
1037 1793 1095 1844 aliis
1118 1793 1192 1844 libris
1218 1794 1247 1844 iu

266 1865 330 1914 alios
348 1862 410 1912 olim
427 1862 558 1921 translata.
576 1878 643 1914 nuno
661 1861 781 1914 haurirem
805 1861 939 1914 variarum
962 1860 1095 1912 lectionum
1119 1862 1246 1912 obtinent.

265 1931 361 1984 Prioris
379 1945 439 1997 supt
457 1931 653 1996 permutationes
672 1928 805 1994 longarum
823 1938 849 1980 er
866 1929 978 1982 brevium
989 1929 1127 1988 vocalium,
1140 1931 1173 1980 da
1185 1931 1246 1996 qui-

266 2000 315 2050 bua
332 2016 357 2049 τ.
374 1999 407 2048 ad
425 1996 441 2048 λ
473 2000 528 2051 101.
547 1994 571 2056 ξ.
590 1998 632 2052 tt.
651 2013 676 2047 ο.
698 1999 746 2052 198
772 2014 801 2063 φ.
822 1998 922 2066 121χ.
940 1997 999 2050 936.
1018 1997 1063 2047 ubi
1082 2014 1103 2048 r.
1117 1997 1247 2048 Valeken.

267 2076 293 2117 et
311 2067 445 2116 varietates
463 2065 615 2122 huiusmodi,
633 2061 660 2126 μ’
679 2063 834 2130 εἰρόμενος,
851 2063 1029 2132 μειρόμενας,
1047 2081 1073 2132 η.
1095 2066 1151 2119 tut.
1165 2065 1193 2116 oi
1212 2065 1248 2116 ad

267 2151 283 2183 ι.
301 2135 359 2188 612.
384 2161 405 2170 ⁴
431 2129 573 2202 ἐξελόμην,
593 2129 627 2190 ἓξ
643 2130 753 2200 ἑλόμην,
773 2150 789 2188 ι,
810 2134 868 2188 130.
887 2161 920 2172 -·
938 2129 1081 2200 ἐξήλατον,
1100 2130 1248 2200 ἐξήλατον,

264 2217 294 2262 μ.
314 2202 372 2254 295.
392 2208 440 2252 atu.
470 2209 472 2212 ’

336 2265 368 2335 ⁸⁰)
386 2267 574 2335 Nonnunquam
593 2269 632 2319 illi
650 2269 752 2334 quidem
771 2271 809 2320 ita
826 2269 972 2335 loquuntur,
992 2276 1020 2320 ut
1035 2269 1119 2334 ipsum
1137 2268 1165 2320 Z.
1189 2268 1247 2320 lac-

266 2339 365 2389 tionum
383 2354 485 2388 auarum
503 2348 629 2388 auctorem
648 2355 694 2388 seu
713 2336 899 2390 emendatorem
917 2339 999 2387 faeere
1011 2336 1161 2396 videantur3
1180 2353 1247 2387 uon·

266 2422 397 2472 nunquam
416 2407 491 2456 etiam
509 2406 622 2470 perinde.
642 2405 715 2470 quasi
733 2406 860 2471 exemplar
876 2405 931 2456 eiua
955 2404 981 2462 in
1004 2403 1122 2455 manibus
1146 2404 1248 2455 habue—
1336 2421 1337 2446 1

160 2529 163 2534 ,
266 2475 324 2524 rint.
361 2475 395 2524 Ut
413 2490 490 2538 quum
509 2472 541 2525 ad
561 2489 576 2523 ι.
600 2473 654 2526 131.
673 2483 783 2535 narrant,
802 2474 865 2524 duos
883 2489 968 2526 tersus
987 2487 1011 2526 τ.
1036 2473 1096 2528 tta
1119 2489 1160 2538 sq.
1185 2489 1245 2524 eum

267 2542 304 2592 sio
321 2541 388 2592 male
406 2549 530 2592 correotos
548 2541 675 2599 exhibere,

335 2604 374 2658 'Ex
393 2607 415 2657 δ’
433 2603 498 2676 ἄγαν
517 2605 585 2658 ἑπτὰ
602 2607 741 2674 γυναῖκας,
759 2605 884 2670 ἀμύμονα
902 2604 961 2674 ἔργ’
980 2605 1092 2672 εἰδυίας,

336 2673 376 2736 ἕξ,
395 2674 467 2744 ἀτὰρ
485 2675 640 2742 ἐβόαράτην
659 2672 794 2746 Βρισηΐδα
811 2674 1006 2744 καλλιπάρῃον,

269 2745 356 2795 dieunt
373 2745 417 2798 ibi.
436 2759 462 2794 et
481 2748 573 2810 paucis
593 2747 650 2794 aliis
670 2745 739 2806 locis,
757 2748 887 2814 γράφει
904 2741 1115 2810 Ζηνόδοτος,
1141 2746 1250 2796 instanti

266 2819 387 2877 tempore,
407 2815 480 2862 ouius
499 2814 628 2878 legitimus
646 2829 707 2862 usus
726 2827 765 2864 est
783 2817 809 2862 in
829 2815 910 2872 libris,
929 2812 973 2897 1ηοί
990 2811 1065 2876 vulgo
1084 2815 1111 2861 in
1131 2813 1250 2864 manibus
1336 2867 1337 2870 ,

268 2889 335 2930 sunt.
372 2876 915 2947 811εειΖηνόόοτος(οοό.αύνοόος)
934 2877 1139 2941 υποτάσαει,
1159 2898 1197 2931 ex.
1209 2899 1249 2948 gr.
1336 2887 1337 2892 ’

268 2947 300 2998 ad
319 2961 341 2999 ν,
361 2949 418 3000 808.
437 2947 478 2996 tui
496 2950 579 2998 versui
597 2949 665 2998 hune
684 2949 789 3008 addidit,

336 3011 400 3081 Λίην
419 3013 475 3084 γάρ
494 3032 555 3082 σφιν
575 3017 653 3066 πᾶσιν
672 3014 793 3085 ἐκέκριτο
811 3015 918 3084 ιλάροεϊ
932 3013 1029 3084 πολλῷ,

269 3090 299 3134 ut
316 3083 401 3133 versui
420 3081 444 3140 ξ.
466 3087 522 3138 13ss.
541 3085 619 3144 huuc,
638 3102 719 3150 aequo
739 3090 860 3148 ineptum,

337 3148 460 3219 Ἀντιόέιρ
480 3147 587 3215 Φοίνικι,
607 3151 701 3202 ordove
720 3147 883 3220 Πηλείωνας.
928 3197 933 3210 ,

268 3219 312 3271 vel
330 3217 496 3286 πεποίηκε
515 3220 550 3278 Ζ..
570 3232 598 3270 ut
617 3237 639 3272 ⁴.
659 3223 717 3274 378,
737 3239 811 3288 quem
829 3222 865 3272 aio
883 3221 954 3286 legit,

337 3285 456 3354 Ἀτρείόη
474 3304 506 3338 τε
524 3287 568 3339 καὶ
587 3283 607 3337 d
623 3288 662 3338 λοι
681 3287 813 3358 ἀριστῆες
831 3283 1003 3358 Παναχαιῶν.

267 3355 309 3407 rel
333 3355 497 3425 τέταχεν,
521 3365 549 3408 ut
577 3355 600 3406 d.
627 3359 683 3411 123.
708 3359 750 3408 eui
774 3375 846 3420 eunt,
870 3361 913 3423 qui
936 3357 1024 3408 ordine
1046 3356 1179 3424 proximus
1205 3365 1252 3420 est,

268 3428 423 3490 praeposuit,
443 3439 470 3474 ut
488 3420 515 3480 ξ.
533 3426 593 3478 394.
611 3443 687 3491 quem
706 3443 765 3477 <rum
791 3437 911 3492 sequente
935 3440 994 3492 post
1018 3427 1075 3480 399.
1101 3427 1249 3478 oolloeavit:

269 3493 309 3542 rel
328 3494 437 3558 denique
454 3491 689 3561 μετέγραφεν,
713 3505 741 3544 nt
759 3494 838 3545 Catal.
864 3495 920 3567 1¹88.
947 3493 1030 3560 (att.)
1054 3495 1126 3546 ouius
1150 3495 1207 3547 loeo
1230 3493 1252 3546 ei
1336 3491 1337 3510 ¹

271 3557 444 3610 Zenodoteum
462 3563 613 3627 legeremus,
633 3579 678 3628 per
696 3579 724 3613 so
742 3563 845 3614 minimo
862 3563 965 3623 malum,
