2694 4116
626 327 839 380 ..144-

185 546 189 562 .
244 491 335 540 tmen
360 483 432 538 ullus
455 483 563 538 illorum
582 481 758 554 criticorum,
783 484 857 556 quod
885 484 994 556 quidem
1023 490 1145 554 constet,
1177 504 1233 541 un·

245 575 327 631 quam
345 559 386 614 ita
404 567 528 616 versatus
547 560 636 615 estin
655 567 733 616 textu
752 563 917 632 tragicum
936 559 1112 618 antsliorum
1125 579 1229 618 recen-
1339 615 1340 640 ,

243 638 343 692 tiorum
356 640 513 706 poetarum:
528 636 581 691 soli
593 638 757 692 vetustiores
769 633 857 686 daed
873 637 1037 708 petebantur
1049 639 1122 694 omni
1135 639 1229 694 licen·

242 713 282 767 tis
302 713 489 782 mutationum,
510 713 717 778 correctionum,
737 715 991 784 interpolationem,
1013 715 1155 770 liturarum
1166 715 1228 786 11’);

244 807 277 844 ex
296 806 351 860 quo
372 789 452 859 plane
472 797 601 860 apparet,
628 807 688 844 eam
712 791 849 846 licentiam
868 797 926 845 tum
945 791 1074 861 temporis
1093 809 1150 846 non
1172 809 1229 848 no·

242 883 305 920 vam
326 865 425 936 fuisse,
445 874 529 937 atque
550 866 619 920 adeo
639 884 673 920 ex
692 875 758 920 nota
777 867 887 922 fortuna
906 863 1006 916 darom
1027 868 1228 924 anctoritatem

243 941 379 1012 quandam
401 948 429 997 et
448 944 567 1013 speciem
586 943 698 997 rationis
717 943 841 998 namne.

650 1117 810 1198 XLVII.

318 1265 421 1321 Verum
440 1266 494 1321 ista
513 1269 603 1321 omnia
622 1268 662 1324 sic
681 1268 768 1337 accipi
788 1267 881 1333 nolim,
902 1267 980 1337 quasi
994 1267 1081 1321 bonos
1095 1271 1123 1321 et
1136 1283 1224 1321 aecu-

240 1349 316 1398 retos
336 1342 526 1398 emendatores
545 1361 642 1414 negem
662 1344 781 1414 antiquis
801 1352 829 1398 et
842 1343 983 1413 exquisitis
996 1342 1137 1398 codicibus
1151 1359 1223 1399 usos

242 1435 310 1487 esse,
331 1419 419 1488 iisque
439 1420 629 1489 comparandis
648 1421 793 1491 genuinam
807 1420 921 1474 sormam
935 1427 1025 1474 textus
1039 1419 1223 1489 quaesivisse.

239 1494 280 1549 At
298 1496 420 1565 genuina
438 1495 493 1549 illie
513 1497 566 1551 fuit
585 1513 633 1564 ea,
660 1513 730 1567 quae
756 1501 867 1566 potitam
891 1496 1005 1550 maxime
1025 1495 1121 1550 decere
1141 1496 1223 1552 vide-

238 1571 328 1626 batur.
367 1569 400 1626 Iu
420 1589 491 1640 quo,
517 1589 596 1628 nemo
616 1589 671 1627 non
691 1573 775 1640 ridet,
797 1575 888 1628 omnia
906 1571 1023 1641 deniqne
1042 1571 1077 1626 ad
1098 1571 1224 1627 Alexan·

239 1647 378 1702 drinorum
397 1649 533 1718 ingenium
554 1655 583 1703 et
601 1649 744 1704 arbitrium
762 1650 859 1704 redire.
894 1648 1079 1718 Quamobrem
1100 1648 1127 1702 in
1141 1655 1224 1705 tauta

238 1732 348 1794 tamque
362 1724 520 1780 calamitosa
539 1727 617 1780 ruina
637 1725 806 1796 antiquitatis
827 1726 1009 1796 prosperrime
1030 1724 1129 1792 evenit,
1151 1731 1182 1779 ut
1196 1727 1222 1780 is

238 1801 408 1870 potissimum
421 1817 516 1856 manus
529 1803 690 1857 admoveret
704 1803 788 1872 operi,
809 1801 1027 1872 probareturque
1039 1802 1156 1856 maxime
1170 1803 1221 1872 qui

238 1885 312 1932 certe
332 1893 387 1931 non
408 1884 479 1932 esset
498 1878 525 1932 in
546 1877 742 1945 audacissimis,
764 1879 811 1948 qni
830 1894 912 1948 saepe
931 1877 1119 1932 Zenodoteam
1131 1883 1220 1932 teme-

237 1954 346 2007 ritatem
367 1961 514 2023 coerceret,
536 1954 582 2024 qui
603 1972 681 2010 veras
701 1955 832 2009 sermonis
846 1953 945 2008 Graeci
965 1952 1040 2024 leges
1059 1954 1219 2010 acutissime

237 2030 355 2083 omniurn
375 2029 548 2102 intelligeret.
579 2029 635 2086 Sed
654 2031 689 2086 de
709 2031 752 2085 his
772 2031 854 2086 rebus
867 2029 959 2101 paullo
971 2036 1043 2099 post,
1063 2028 1113 2086 ubi
1126 2045 1216 2085 exem-

233 2104 286 2175 plis
306 2105 454 2174 propositis
474 2106 658 2176 probatissimi
679 2106 773 2162 critici
800 2107 938 2178 ingenium
957 2113 985 2160 et
1005 2112 1091 2161 amem
1112 2106 1215 2162 descri-

232 2180 305 2234 bam,

309 2255 351 2310 Ea
371 2258 494 2327 exempla
513 2267 621 2330 sumpta
634 2266 698 2314 sunt
712 2277 745 2314 ex
758 2260 880 2331 reliqniis
893 2260 1011 2313 warum
1019 2258 1213 2326 recensionem,

231 2348 302 2403 quae
327 2331 393 2386 olim
417 2333 452 2387 ad
472 2333 661 2398 Aristarchum
686 2336 883 2391 referebantur.
922 2335 1011 2405 quue
1031 2334 1124 2388 statim
1143 2342 1211 2404 post

229 2414 344 2463 mortem
372 2409 429 2464 eius
456 2410 557 2465 sactum
583 2413 710 2467 arbitror.
752 2413 823 2468 Nam
843 2429 926 2482 quum
946 2411 1123 2484 Ammonius,
1148 2411 1213 2465 Ari·

229 2485 332 2540 starchi
360 2486 469 2541 auditor
494 2493 522 2541 et
546 2505 688 2543 successor
714 2489 741 2541 in
766 2488 862 2542 schola
885 2486 1086 2552 Alexandrina,
1111 2485 1213 2542 librum

229 2561 369 2630 scriberet,
390 2559 455 2630 περὶ
472 2562 520 2612 τοῦ
531 2562 569 2630 μὴ
581 2563 725 2631 γεγονέναι
737 2560 865 2620 πλείονας
876 2560 1002 2618 ἐκδόσεις
1013 2562 1063 2628 τῆς
1072 2557 1211 2629 Ἀρισταρ-

225 2633 303 2706 leton
328 2635 559 2709 διορθώσεωςῑθ),
579 2655 711 2709 perquam
733 2638 864 2693 credibile
885 2644 939 2705 est,
967 2637 1020 2690 iam
1040 2645 1099 2690 tum
1121 2637 1212 2706 dupli-

228 2731 287 2770 cem
307 2715 453 2770 editionem
472 2732 521 2770 sen
540 2715 641 2786 duplex
662 2716 816 2784 exemplum
831 2713 1024 2768 Aristarobeae
1038 2713 1207 2768 recensionis

226 2791 255 2845 in
276 2791 375 2845 mnseis
395 2790 561 2846 circumferri
582 2792 716 2861 coepisse.
758 2791 836 2862 Quae
863 2791 954 2860 opinio
981 2795 1009 2844 et
1033 2788 1107 2844 fama
1126 2789 1210 2844 etiam

227 2867 326 2922 deinde
345 2867 444 2922 mansit
462 2869 535 2938 apud
549 2867 761 2935 Grammaticos,
783 2885 816 2922 ex
837 2867 936 2937 quibus
950 2866 977 2920 in
992 2864 1112 2920 scholiis
1125 2882 1210 2936 saepe

296 3065 328 3130 ¹⁸)
345 3066 401 3116 Non
419 3080 485 3116 uuus
502 3063 643 3115 Homerus:
668 3061 719 3114 etsi
736 3077 790 3113 rem
809 3059 878 3127 apud
895 3059 963 3110 buno
981 3058 1089 3138 maxime
1107 3058 1207 3110 idoneis

224 3142 250 3187 et
267 3134 341 3186 osrtis
358 3133 457 3184 iudiciis
475 3139 600 3184 tenemus.
635 3132 732 3182 Verum
757 3130 801 3196 qui
825 3130 857 3180 de
879 3127 994 3208 Hesiodo
1013 3126 1129 3205 dubitet,
1156 3143 1207 3209 nec

222 3203 335 3286 ipsarum
353 3203 409 3254 eius
427 3200 591 3280 reliquiarum
608 3199 695 3278 specie
719 3205 850 3280 moveatur
856 3194 1137 3328 ,liffiqmrvqetqirtisrncoglroy
1138 3195 1206 3330 siff!

222 3271 293 3407 itt
310 3267 845 3403 tritttt‘ttpitttttttttg
857 3331 905 3382 111.
929 3341 991 3382 ιιι.
1011 3329 1041 3382 ι.
1062 3331 1081 3381 ι.
1099 3347 1125 3396 ι.
1143 3281 1206 3384 ni.

292 3422 325 3491 ¹⁰)
343 3422 409 3474 Vide
426 3421 582 3489 praeclarum
600 3419 687 3473 Sobol.
704 3436 720 3471 e
737 3419 848 3487 Didymo
865 3434 917 3470 exc.
935 3417 969 3468 ad
985 3431 1009 3468 κ.
1027 3417 1087 3470 397.
1122 3413 1203 3466 Liber

222 3493 246 3544 is
262 3491 333 3543 baud
349 3491 426 3542 dubis
442 3490 511 3542 idern
529 3497 575 3553 est,
587 3490 631 3555 qui
649 3488 683 3540 ad
702 3503 726 3539 τ.
744 3481 1020 3552 sessiacensem
1039 3485 1101 3563 τῇςΙ
1117 3482 1203 3534 ἐπεκ-

223 3556 391 3626 δοθείσης
408 3555 644 3626 διορθώσεως,
664 3563 691 3609 et
707 3556 772 3608 baec
786 3557 894 3608 tostuse
910 3569 968 3606 reru
985 3555 1126 3620 inscriptio.
