2702 4124
488 341 699 424 ¹-45—

192 498 255 568 Quo
274 498 412 568 pertinent
431 498 513 569 igitur
532 498 585 554 ista
598 497 704 554 verba?
733 499 785 568 Eo,
807 500 834 554 iu
848 517 903 570 quo
917 499 1089 556 doctissimos

105 574 317 630 Grammaticos
337 572 522 630 Alexandriae
541 575 599 630 fers
625 576 792 631 consensisse
819 577 909 631 statim
936 577 1090 647 apparebit.

101 651 285 705 Mirationem
305 650 395 719 faciet,
417 651 490 721 quod
512 652 614 720 dicam,
647 659 675 706 st
693 652 752 722 ipse
772 652 800 705 id
820 669 1013 724 saepenumero
1039 653 1089 706 mi-

100 733 187 782 ratus
212 745 271 781 sum
297 735 410 799 propter
435 729 489 783 late
517 733 655 798 patentem
680 734 875 803 ἀνιστορησίαν
902 729 1088 800 antiquitatis:
1156 748 1158 753 ·

100 804 201 858 nullus
223 804 276 858 fuit
295 804 322 858 in
344 803 460 859 Graecia
480 805 601 859 eruditus
621 805 754 875 interpres
774 806 895 873 Homeri,
916 807 963 877 qui
983 805 1089 859 inistis

101 881 234 934 versibus
255 880 418 950 scripturam
437 881 495 934 veri
514 881 643 949 nominis,
670 882 775 949 nullus,
803 882 848 952 qui
875 899 934 936 cam
955 889 1040 936 artem
1060 882 1089 936 iu

105 957 283 1011 Carminibus
303 957 376 1010 illius
396 957 461 1010 alibi
482 974 595 1027 usquam
616 964 790 1013 memoratam
811 958 954 1012 censuerit.
984 958 1046 1011 Hoc
1066 957 1089 1011 si

104 1032 155 1086 cni
176 1039 277 1087 temere
298 1033 470 1103 pronunciari
490 1033 637 1102 videbitur,
660 1034 757 1104 eripiat
776 1035 856 1104 mihi,
878 1051 994 1104 quaeso,
1015 1033 1090 1087 bunc

104 1125 230 1164 errorem
252 1110 313 1178 alia,
335 1127 415 1178 quam
441 1110 598 1164 recentioris
619 1110 757 1164 cuiusdam
779 1110 950 1164 Scholiastae
969 1109 1087 1165 auctori-

103 1190 180 1256 tate,
201 1203 281 1255 quam
303 1186 401 1240 deinde
421 1203 471 1240 suo
492 1186 552 1240 loco
573 1203 732 1256 proponam.
765 1186 809 1240 Ex
828 1185 973 1242 Eustathio
994 1192 1023 1241 et
1041 1202 1089 1239 an·

103 1261 276 1332 tiquioribus
296 1262 418 1316 fontibus
435 1262 525 1316 facere
539 1279 593 1316 non
606 1263 716 1333 poterit.
747 1263 852 1332 Quodsi
865 1262 936 1317 ullus
955 1269 1089 1330 veterum,

104 1355 227 1408 quorum
250 1340 343 1409 copias
356 1337 517 1392 Eustathius
538 1340 571 1392 ad
588 1339 820 1393 commentandum
837 1346 1018 1410 congesserat,
1038 1339 1088 1394 ali·

105 1414 174 1468 cubi
200 1415 361 1469 contrariam
387 1415 520 1469 rationem
546 1415 697 1482 attulisset,
724 1415 771 1486 qui
796 1415 854 1470 fieri
881 1416 1031 1486 potuisset,
1057 1418 1089 1468 ut

105 1507 171 1545 eam
191 1491 234 1545 vir
254 1491 405 1561 priscorum
425 1492 571 1546 verborum
595 1509 676 1562 quarn
702 1509 806 1547 morum
833 1492 959 1562 peritior,
986 1498 1014 1546 et
1040 1490 1088 1560 qui

104 1567 201 1621 forsan
222 1583 255 1620 ue
275 1566 401 1622 homilias
422 1568 532 1637 quidem
552 1585 615 1622 suas
635 1569 695 1622 sola
714 1569 845 1622 memoria
864 1567 990 1636 tenebat,
1011 1568 1088 1622 nullo

106 1644 137 1696 in
151 1643 213 1698 loeo
227 1644 378 1714 longissimi
392 1643 584 1716 Commentarii
599 1645 727 1715 effutiret,
747 1652 829 1715 atque
843 1645 972 1700 heroibus
987 1648 1086 1714 politae

102 1719 265 1776 facultatem
286 1721 422 1775 scribendi
443 1719 616 1792 assignaret?
645 1722 715 1777 Nam
736 1722 762 1775 in
778 1721 849 1775 hunc
869 1738 1010 1775 numerum
1034 1720 1088 1774 sal·

102 1802 163 1851 tem
182 1813 237 1850 non
256 1797 331 1850 venit
350 1798 373 1851 is
394 1798 481 1864 locus,
504 1798 555 1852 etsi
576 1799 666 1868 magni
687 1797 844 1852 aestimatus
866 1798 900 1851 ab
927 1795 1088 1867 antiquariis

102 1871 252 1938 nonnbllis,
272 1873 300 1927 iu
321 1891 375 1944 quo
403 1874 572 1943 disciplinam
593 1875 743 1928 litterarum
764 1893 781 1928 a
800 1872 925 1943 Pelasgis
950 1881 1086 1927 servatam

104 1967 140 2005 ex
161 1950 265 2004 diluvio
286 1949 468 2021 mentitur87).
497 1949 687 2005 Commentum
706 1951 759 2004 lroc
780 1956 821 2005 est
840 1949 950 2004 aniliter
962 1949 1087 2004 fabulan-

103 2127 163 2198 λήν.
199 2129 271 2182 Beue
288 2129 337 2181 hoc
354 2143 457 2194 quoque
474 2135 501 2178 et
518 2127 555 2178 ita
573 2135 633 2194 apte
650 2128 731 2179 cuivis
748 2126 837 2194 signo,
855 2133 899 2189 ut,
917 2127 939 2178 si
956 2144 1009 2178 rem
1027 2128 1085 2178 uni-

104 2214 187 2262 verse‚
205 2214 255 2248 non
273 2198 378 2248 modum
395 2196 431 2246 rei
449 2205 476 2246 et
488 2195 620 2248 desuetum
633 2213 728 2246 morem
741 2207 889 2246 narraturus
901 2205 976 2257 esset,
987 2197 1088 2248 Graeca

102 2267 193 2332 lingua
210 2265 275 2316 nibil
294 2265 378 2332 aptius
397 2264 508 2314 haberet.
542 2265 646 2315 Constat
665 2264 732 2314 enim
756 2262 899 2332 ἐπιστολήν
924 2264 1026 2330 propria
1049 2265 1085 2314 si·

45 2376 50 2382 .
103 2333 269 2401 gnificaticne
288 2336 364 2400 plane
382 2349 438 2382 esse
450 2330 572 2399 ἐντολήν,
591 2331 756 2392 mandatum
773 2349 804 2382 ex
822 2349 872 2398 quo
891 2333 966 2383 etiam
978 2350 1018 2398 ap.
1035 2331 1084 2383 So·

103 2401 223 2469 phoclem
241 2409 300 2453 sunt
323 2399 408 2467 λόγων
432 2399 579 2451 ἐπιστολαί.
616 2401 654 2454 ct.
672 2401 756 2466 Iutpp.
784 2401 816 2450 ad
838 2400 948 2467 Hesycb.
973 2401 1002 2451 Τ.
1020 2397 1038 2450 Ι,
1058 2417 1085 2465 p.

104 2471 182 2526 1390.
218 2469 270 2522 Sed
288 2473 371 2536 magis
391 2471 440 2535 buc
457 2470 616 2520 referendum
635 2477 687 2528 est,
711 2468 779 2530 quod
803 2469 910 2534 posthac
929 2467 1024 2519 clarius
1042 2470 1084 2518 in-

104 2539 240 2605 elligetur,
263 2539 385 2589 monitum
410 2538 544 2588 Euststbio
567 2555 592 2603 p.
611 2537 669 2590 632.
688 2536 707 2586 Ι.
727 2539 767 2598 9.,
789 2536 838 2605 τὴν
863 2534 961 2586 πίνακα
979 2536 1085 2586 Homeri

103 2624 161 2659 esse
185 2606 235 2675 τὴν
258 2605 336 2674 παρὰ
358 2606 417 2664 τοῖς
439 2603 558 2672 ὕστερον
582 2603 734 2672 ἐπιστολήν.
770 2605 876 2656 Omnem
899 2622 957 2656 vero
984 2604 1083 2654 dubitu-

90 2677 202 2727 'tionsm
220 2675 287 2726 tollit
305 2674 408 2726 verbum
427 2672 629 2742 ἐπιγνῶναι,
654 2689 802 2738 epiroseerc,
825 2690 876 2723 non
894 2673 992 2739 tepere,
1017 2673 1086 2738 quod

103 2753 143 2796 cst
162 2743 377 2810 ἀναγνῶναι,
396 2760 522 2808 nusquam
541 2740 613 2793 illud.
648 2741 716 2792 lllud
736 2749 819 2792 autem
840 2743 945 2792 Graecis
964 2740 1084 2791 usitatum

102 2829 162 2865 esse
181 2813 212 2862 dc
229 2811 350 2878 epistola,
378 2819 421 2860 aut
439 2810 546 2861 docendi
564 2811 655 2860 erimus
673 2809 718 2870 iis,
741 2813 784 2876 qui
803 2827 875 2860 secus
892 2811 1031 2876 accipiunt;
1051 2817 1085 2869 et,

102 2892 133 2932 ut
151 2881 228 2932 citius
247 2881 362 2938 doceant,
380 2895 414 2929 ue
432 2879 556 2928 Plauudis
575 2881 676 2946 quidem
700 2888 725 2928 et
743 2879 870 2928 Eustathii
894 2880 998 2928 saecula
1015 2877 1083 2930 exci-

102 2950 206 3016 pimus;
230 2957 274 2998 aut
291 2950 354 3014 ipsis
373 2948 562 2999 concedendum
581 2949 643 3007 erit,
667 2946 707 2997 six
724 2946 804 2996 fuisse
818 2963 899 3011 genus
916 2947 1037 3012 loquendi
1051 2945 1083 2994 si·

103 3017 280 3084 gnificantius,
300 3033 350 3083 quo
369 3016 568 3082 mythographus
587 3024 706 3076 uteretur,
731 3017 753 3064 si
772 3015 852 3080 ipsam
870 3032 932 3074 rem,
957 3024 985 3066 ut
1008 3015 1082 3072 solet,

56 3119 58 3122 -
102 3085 212 3137 breviter
230 3094 255 3135 et
273 3086 385 3151 proseria
403 3084 516 3135 dictione
533 3084 663 3150 persequi,
681 3099 727 3134 nec
745 3083 915 3148 antiquarium
927 3085 1014 3150 inepto
1026 3085 1083 3133 loco

102 3171 181 3222 agere
200 3153 285 3205 vellet.

173 3238 206 3306 θ’)
224 3237 267 3290 Ad
285 3239 315 3290 11.
334 3237 363 3302 β.
384 3257 409 3304 p.
427 3237 486 3292 358.
522 3238 562 3286 Ex
580 3245 649 3288 tanto
668 3239 759 3288 merito
779 3236 900 3302 Pelasgos
920 3238 951 3287 ab
969 3236 1081 3285 Homero

103 3307 229 3375 appellari
258 3305 338 3364 δίους.
382 3306 472 3356 Nonne
500 3307 590 3357 mirum
620 3315 673 3370 est,
701 3307 830 3372 egregium
859 3313 1026 3355 commentum
1050 3303 1083 3352 ab

102 3377 223 3428 Eustatb·
242 3376 311 3426 sileri
330 3375 396 3424 ads
423 3375 481 3428 429.
501 3383 526 3425 ct
544 3375 635 3442 Odyss.
655 3393 677 3426 τ.
699 3375 773 3428 litt
814 3375 852 3424 Au
876 3375 939 3422 srrrte
963 3389 1012 3420 noo
1037 3371 1084 3420 fuit

101 3447 130 3496 in
149 3445 263 3496 Scholiis
287 3443 360 3494 eiust
396 3442 472 3492 Certe
494 3451 580 3493 nostra
603 3445 629 3494 id
653 3460 703 3492 uon
727 3443 848 3501 afferunt,
874 3455 919 3489 nec
937 3439 1010 3489 Diod.
1030 3437 1081 3491 sie.

102 3513 134 3578 V,
153 3514 207 3573 57..
226 3513 272 3564 ubi
290 3511 388 3562 sinilia
401 3510 529 3561 fabulatur
548 3512 578 3562 de
596 3515 766 3562 monumentis
784 3509 923 3559 litterarum
943 3508 1083 3572 absumptis

102 3583 132 3632 in
155 3581 260 3634 diluvio.
301 3580 455 3632 Transcurro
479 3579 550 3631 aliud
574 3581 696 3648 quiddam
719 3581 745 3630 iu
768 3579 825 3629 loco
848 3577 992 3644 Eustathii‚
1015 3575 1084 3643 quod
