2702 4124
646 315 837 366 ...25-

259 489 413 558 referretur,
435 488 507 558 apud
532 506 632 559 gnaros
659 506 748 542 rerum
776 495 803 543 et
828 489 1008 560 intelligentes
1034 507 1107 544 novo
1130 491 1240 546 decore

259 572 286 621 et
306 565 392 634 gratia
414 566 537 620 effloruit.

336 641 500 712 Neutiquam
522 642 594 711 apud
608 658 711 711 omnes,
732 642 808 695 aiunt
823 642 922 712 aliqni3
944 650 971 696 et
991 643 1070 697 facile
1084 643 1239 697 credimus.

259 718 386 773 Nondum
408 720 478 773 enim
498 736 609 788 prorsus
632 719 719 772 eiecta
741 725 767 772 et
789 719 900 788 explosa
913 726 955 773 est
976 737 1068 773 eorum
1082 721 1161 788 ratio,
1187 720 1240 790 qni

259 795 407 849 Homerum
433 802 461 850 et
481 794 677 850 Callimachum
705 801 733 849 et
754 795 897 865 Virgilium
923 803 949 850 et
968 795 1094 851 Nonnum
1122 803 1149 850 et
1169 797 1239 850 Mil-

259 879 352 926 tonum
379 873 473 927 ecdem
494 872 583 926 animo
604 872 713 941 legunt,
739 888 806 939 nec,
833 872 899 940 quid
920 873 1128 941 uniuscuiusque
1154 881 1240 927 aetas

259 949 337 1016 ferat,
358 948 510 1017 expendere
530 948 646 1018 legendo
668 955 695 1001 et
710 955 875 1022 'computare
895 947 1032 1002 laborant.
1078 949 1239 1002 Reimman-

259 1042 354 1080 norum
375 1026 483 1095 quidem
504 1041 590 1094 nugas
611 1024 702 1076 rident
722 1025 776 1090 isti,
798 1025 845 1077 sed
866 1025 948 1078 iidem
961 1025 1110 1095 aegerrime
1131 1026 1237 1092 ferunt,

260 1102 340 1155 deum
360 1107 501 1171 petitarum
522 1101 616 1154 rudem
638 1101 721 1154 fnisse
737 1101 811 1154 credi
831 1101 858 1154 in
878 1102 945 1170 ipsis
967 1103 1108 1156 elementis
1130 1101 1238 1156 doctri·

259 1196 362 1243 narum,
384 1195 452 1247 quas
476 1177 524 1246 qui
545 1184 638 1232 nostro
661 1183 784 1246 tompore
806 1195 892 1246 prope
911 1173 1025 1232 'cunetas
1046 1179 1237 1247 complectun-

259 1263 317 1323 tur',
347 1255 450 1308 Iliadas
475 1262 566 1307 tamen
590 1270 708 1322 pangere
734 1271 787 1306 non
814 1255 922 1307 audent.
969 1255 1094 1308 Tantone
1120 1255 1236 1325 ingenio

259 1337 290 1384 ut
310 1331 425 1400 denique
447 1347 507 1384 cum
527 1331 591 1399 ipsis
611 1331 664 1382 illis
686 1331 826 1384 elementis
847 1331 1002 1384 adimantur
1022 1349 1063 1397 ea,

336 1407 412 1476 Quae
433 1423 504 1461 nnnc
524 1407 648 1476 suspensi
667 1408 743 1475 pueri
765 1408 944 1461 instrumenta
965 1407 1067 1462 lacerto

336 1483 430 1536 Ludos
450 1483 591 1537 incedunt!

260 1560 314 1615 Sed
334 1559 397 1612 nolo
418 1559 529 1613 irridere
551 1576 611 1628 eos,
642 1576 711 1629 quos
742 1559 876 1614 dedocere
896 1560 950 1613 hoe
970 1561 1030 1615 loco
1051 1562 1235 1617 aliennm‘est

261 1643 288 1691 et
308 1654 404 1706 parum
423 1636 585 1690 modestum.
625 1637 694 1692 Nam
727 1643 789 1689 sunt
807 1637 835 1690 in
855 1636 888 1689 iis
908 1636 1030 1691 homines
1053 1637 1159 1693 Graece
1178 1638 1234 1692 La·

260 1715 370 1783 tiueque
391 1712 548 1765 doctissimi.
588 1712 628 1766 At
647 1713 713 1766 illud
734 1712 800 1764 mihi
827 1713 940 1766 concedi
961 1719 1027 1784 puto
1049 1732 1065 1768 a
1085 1717 1233 1784 plerisque,

260 1792 287 1844 in
307 1789 418 1843 seientia
438 1790 548 1858 linguae
569 1789 693 1845 Graecae
720 1805 775 1841 non
805 1805 883 1842 omne
903 1790 1069 1858 praesidium
1088 1793 1175 1846 inesse
1195 1792 1234 1846 ad

261 1867 386 1922 Carmina
410 1867 521 1920 ultimae
548 1867 692 1921 vetustatis
720 1882 754 1918 ex
781 1865 874 1919 indole
904 1873 931 1920 et
955 1868 1062 1936 ingenio
1090 1875 1233 1922 auctorum

260 1944 442 2014 intelligenda.
474 1943 566 2012 Atque
580 1945 631 1997 hac
645 1942 825 2012 intelligentia
840 1943 886 2012 qui
907 1949 1008 2011 carent,
1030 1960 1077 1998 eos
1090 1945 1148 1998 iure
1170 1961 1231 1998 meo

260 2021 353 2075 reiicio
373 2020 475 2073 iudices
495 2021 522 2072 in
543 2020 585 2074 his
606 2020 739 2087 omnibus,
762 2036 831 2088 quae
854 2019 887 2072 de
908 2020 1013 2073 ratione
1034 2020 1143 2074 illorum
1164 2027 1231 2075 tern-

260 2114 357 2168 porum
378 2096 499 2149 dicturus
524 2113 592 2149 sum.
638 2096 763 2150 Ceterum
790 2095 863 2163 mihi,
890 2112 978 2164 spero,
1004 2097 1091 2152 minus
1119 2114 1231 2151 succen-

262 2173 373 2239 sebunt,
401 2173 435 2226 ab
456 2172 576 2226 Homero
605 2189 659 2225 non
688 2179 743 2226 tam
770 2173 951 2242 cognitionem
973 2173 1129 2226 litterarum
1150 2191 1232 2243 qnam

260 2266 338 2304 usum
367 2255 394 2302 ct
419 2248 576 2302 facultatem
603 2249 778 2303 abiudicanti.
828 2249 880 2301 Est
910 2249 938 2301 in
972 2265 1004 2302 ea
1036 2266 1065 2302 re
1091 2251 1229 2318 quiddam,

262 2325 334 2397 quod
356 2325 390 2377 ad
416 2340 515 2380 novam
540 2325 648 2379 laudem
669 2325 787 2380 trahant.
827 2324 960 2379 Nimirum
982 2331 1057 2378 tanto
1077 2327 1162 2396 magis
1183 2327 1229 2380 ad·

260 2404 388 2456 miramur
413 2407 519 2455 veteres
545 2403 726 2471 navigatores,
755 2401 827 2470 quod
848 2401 909 2454 illos
930 2418 1024 2454 cursus
1044 2419 1108 2456 suos
1135 2420 1230 2473 regere

260 2485 407 2549 potuerunt
428 2479 485 2531 sine
498 2479 599 2549 pyxide
619 2480 742 2545 nautica3
764 2495 813 2531 nee
834 2476 947 2530 forsitan
964 2477 1036 2530 omni
1056 2479 1133 2532 militi
1147 2481 1229 2533 hodie

261 2555 390 2610 credibile
409 2555 458 2629 fit,¹
479 2563 542 2609 ante
567 2555 687 2624 pulveris
715 2555 807 2608 nitrati
833 2554 1016 2608 inventionem
1043 2554 1230 2609 Alexandrum

260 2633 304 2686 vel
326 2630 469 2685 Caesarem
494 2637 584 2686 tantas
612 2648 654 2685 res
676 2633 775 2701 egisse,
801 2637 843 2683 tot
869 2631 1059 2684 munitissimas
1084 2633 1165 2686 urbes
1187 2650 1230 2685 ce·

239 2709 341 2780 'pisse
382 2705 509 2761 Attamen
530 2708 683 2762 habuerunt
702 2707 751 2774 illi,
792 2707 863 2776 quod
890 2708 1010 2775 pulveris
1031 2707 1122 2762 nitrati
1143 2709 1230 2762 vicem

260 2785 327 2840 satis
347 2783 435 2837 valide
449 2784 577 2854 expleret.
617 2784 725 2853 Quanto
739 2783 924 2838 admirabilius
946 2784 996 2836 erit
1018 2783 1230 2854 fuissepoiitam‚

261 2862 308 2931 qui
338 2877 397 2914 eam
419 2867 520 2926 artem,
553 2862 610 2914 sine
642 2877 696 2929 qua
724 2861 826 2913 nullum
858 2860 951 2928 paullo
984 2860 1090 2930 lougius
1116 2859 1231 2916 Carmen

260 2938 384 2992 videatur
404 2937 514 2990 confieri
539 2953 635 3005 posse,
663 2954 745 3006 quum
773 2937 882 3006 cognita
906 2944 998 3002 esset,
1018 2953 1052 2990 ne
1074 2938 1230 2993 discendam

262 3014 370 3084 quidem
391 3012 443 3066 sibi
463 3030 513 3067 nec
533 3013 711 3067 necessariam
732 3013 849 3066 duxerit!

336 3090 457 3157 Etenim,
486 3096 517 3143 ut
542 3090 611 3144 serio
633 3107 689 3143 rem
708 3089 861 3159 aggrediar,
881 3090 908 3141 in
928 3088 1041 3144 Woodii
1061 3090 1228 3159 argumentis

260 3167 345 3222 multa
370 3173 432 3220 suut
451 3166 568 3234 infirma,
596 3167 680 3219 multa
710 3166 807 3236 cupide
828 3166 958 3235 quaesita.
999 3165 1229 3236 Philosophorum

262 3243 396 3299 etiamad
416 3242 557 3297 Socratem
576 3259 662 3312 usqne
681 3242 753 3312 apud
775 3249 880 3296 veteres
901 3259 990 3311 pauca
1009 3243 1110 3312 scripta
1130 3245 1228 3297 consti-

261 3321 326 3374 tisse
346 3322 399 3390 ait3
419 3321 447 3373 in
467 3320 526 3389 ipso
546 3319 667 3372 Homero
695 3320 850 3372 memoriam
877 3318 942 3371 ferri
961 3319 1067 3374 unicam
1088 3320 1229 3374 custodem

261 3414 364 3467 rerum3
397 3397 510 3452 eandem
538 3395 680 3450 Musarum
711 3404 837 3464 matrem3
867 3395 940 3464 ipsas
966 3395 1058 3449 Musas
1088 3397 1227 3450 cantrices.

262 3473 347 3541 Quasi
373 3491 437 3528 vero
472 3473 527 3528 vati
549 3473 678 3526 licuisset
704 3473 810 3526 fabulas
843 3472 972 3541 refingere
997 3473 1080 3526 semel
1105 3479 1228 3542 receptas

262 3549 445 3619 firmatusque,
465 3557 513 3604 aut
534 3557 631 3618 postea
655 3550 798 3619 quisquam
817 3565 924 3617 eorum,
945 3548 992 3617 qui
1010 3565 1116 3620 papyro
1137 3555 1165 3602 et
1185 3566 1228 3604 ca·
