2694 4116
650 309 861 363 -112-

266 465 379 524 aliunde
399 464 525 520 subvenit
544 465 643 521 certior
662 466 760 524 notitia
779 467 947 524 celeberrimi
959 467 1135 534 monumenti,
1155 465 1236 538 quod,

269 549 340 598 teste
361 541 519 609 Plutarcho,
540 544 626 599 solam
647 543 733 599 Iliada
753 545 895 599 continuit.
929 546 1078 600 Praeterea
1091 543 1240 612 comparati

267 621 340 674 inter
360 635 389 674 se
409 619 572 673 Plutarchus
593 626 620 674 et
641 619 741 675 Strabo
762 621 925 692 significant,
951 622 978 675 in
999 638 1033 676 ea
1052 620 1174 690 plurium
1195 621 1239 674 ho·

270 695 370 750 minum
391 695 533 750 doctorum
553 701 581 750 et
600 697 685 767 ipsius
704 698 854 753 Alexandri
874 698 910 756 M.
932 698 1127 754 emendatrices
1146 713 1239 752 manus

272 779 419 842 occupatas
439 771 575 844 fuisse⁴⁷).
615 773 720 843 Quodsi
740 781 854 844 uterque
875 775 971 829 horum
992 775 1153 844 scriptorum
1175 773 1243 826 lidos

270 847 355 904 duces
381 855 490 904 secutus
515 856 569 916 est,
595 847 753 905 Alexander
776 852 892 920 primum
915 870 933 906 a
957 852 1087 921 magistro
1114 849 1245 920 Stagirites

270 931 414 996 acceperat
433 926 531 980 librum
551 926 642 993 illum,
671 944 751 996 quem
775 945 837 982 mox
858 929 983 983 comitem
1003 927 1186 997 expeditionis
1205 943 1245 980 se-

268 1019 332 1056 cum
353 1003 429 1055 duxit
448 1003 477 1055 in
496 1002 606 1069 Asiam,
631 1019 734 1074 perque
754 1004 900 1060 intervalla
919 1005 1089 1075 negotiorum
1109 1021 1166 1057 una
1186 1020 1245 1057 cnm

272 1078 439 1134 Callisthene
463 1084 490 1133 et
515 1079 722 1151 Anaxarcho⁴⁸)
751 1081 851 1135 lectum
875 1098 979 1152 suaque
1004 1097 1086 1134 manu
1110 1087 1245 1147 notatum,

271 1161 402 1226 tanquam
416 1155 644 1224 pretiouhsimum
663 1155 777 1210 humaui
794 1159 881 1211 animi
900 1176 969 1227 opus
988 1159 1015 1211 in
1035 1157 1246 1226 exquisitissimo

269 1232 384 1288 Persico
406 1232 504 1285 scrinio
526 1233 657 1302 reposuit.
695 1233 749 1302 Qui
770 1235 856 1288 codex
875 1253 910 1290 an
929 1243 1027 1304 postea
1047 1234 1153 1287 venerit
1165 1235 1195 1287 in
1209 1234 1247 1287 bi·

270 1309 436 1364 bliothecam
457 1308 692 1378 Ptolemaeorum,
715 1315 742 1364 et
761 1329 779 1365 a
799 1329 853 1381 quo
875 1311 975 1365 Critico
996 1311 1136 1364 adhibitus
1157 1311 1193 1364 sit
1212 1309 1246 1366 ad

272 1385 478 1454 emendandum,
500 1385 708 1440 incertissimum
729 1393 783 1457 est3
814 1387 953 1442 adhibitus
980 1388 1049 1442 enim
1076 1403 1137 1441 esse
1161 1387 1247 1441 videri

269 1467 372 1533 potest.
407 1459 461 1516 Sed
482 1461 565 1515 multo
586 1463 770 1532 frequentiore
791 1482 842 1517 usu
861 1465 931 1518 inter
952 1465 1054 1518 retibus
1067 1463 1134 1518 trita
1147 1464 1245 1533 reperi-

271 1556 331 1592 mus
352 1538 471 1592 eiusdem
492 1538 649 1608 philosophi
672 1535 843 1608 llxopp'pura
860 1558 908 1596 seu
921 1483 1245 1607 IIpcpilp'para‘Opppud

274 1622 302 1671 et
321 1608 489 1681 propinata
507 1612 644 1681 ποιητικά,
665 1634 698 1672 ex
709 1636 826 1688 quorum
839 1635 952 1688 operum
964 1619 1064 1688 priore,
1083 1618 1201 1672 maxime
1219 1617 1244 1670 in

273 1691 391 1747 Scholiis
412 1692 568 1763 Porphyrii,
588 1693 667 1762 plura
686 1702 839 1764 supersunt,
861 1695 931 1748 unde
951 1713 1006 1748 non
1020 1693 1174 1764 fragmenta
1190 1695 1243 1764 qui·

271 1769 335 1823 dem
356 1775 383 1822 et
403 1769 462 1838 ipsa
482 1769 568 1824 verba
586 1768 758 1840 Aristotelis,
784 1772 832 1825 sed
857 1778 946 1826 tamen
974 1773 1032 1826 eius
1056 1772 1191 1825 rationem
1210 1771 1244 1824 in·

270 1845 440 1916 terpretandi
466 1863 631 1916 cognoscere
657 1846 826 1917 licebit4i).,
853 1848 941 1903 Nobis
969 1865 1051 1916 vero,
1081 1849 1110 1901 in
1134 1847 1245 1902 historie

273 1930 364 1977 textus
384 1923 462 1977 unios
483 1924 630 1994 occupatis,
652 1924 799 1978 omittenda
820 1931 883 1979 suut
902 1924 971 1980 haec
991 1931 1018 1978 et
1038 1925 1144 1992 similia,
1165 1942 1245 1996 quum

273 2017 355 2053 unum
375 1999 430 2053 hoc
449 2001 546 2053 iterum
565 2001 760 2069 monuerimus,
787 2002 862 2072 quod
887 2003 946 2071 ipse
972 2001 1068 2056 titulus
1087 2001 1198 2055 illorum
1217 2002 1244 2054 li·

274 2076 387 2129 brorum
412 2076 527 2143 iudicat‚
554 2077 607 2132 iam
633 2084 696 2131 ante
724 2079 861 2133 conditum
887 2095 1009 2132 museum
1034 2078 1244 2132 Alexandrinum

272 2146 457 2217 πρθβλῆματα
475 2171 497 2206 s.
519 2149 657 2218 ζητήματα
676 2161 703 2208 et
722 2149 815 2210 λύσεις
830 2155 982 2210 oblectasse
996 2155 1080 2209 otium
1095 2155 1242 2220 doctorum,

275 2247 309 2282 ex
332 2231 419 2299 iisque
445 2230 619 2285 curiosiorem
644 2247 750 2286 omnem
776 2231 1027 2302 interpretationem
1051 2231 1243 2285 sententiarum

271 2317 363 2364 ortum
384 2309 496 2380 cepisse.

344 2515 377 2584 47)
397 2515 482 2567 Strab.
499 2513 572 2564 XIII.
590 2531 615 2580 p.
635 2514 693 2568 594.
711 2513 792 2580 (888.)
811 2513 877 2566 Plut.
897 2512 923 2562 in
942 2511 1015 2562 Alex.
1032 2529 1058 2578 p.
1078 2511 1182 2566 6681).
1207 2511 1244 2564 De

274 2584 416 2635 Alexandri
434 2582 516 2634 studio
535 2581 729 2633 Homericorum
748 2580 890 2632 carminum
909 2581 965 2631 ride
983 2580 1028 2630 viri
1047 2587 1162 2632 accurate
1185 2580 1245 2632 docti

277 2651 322 2704 ste
340 2652 414 2703 Groix
433 2652 546 2701 Examen
572 2651 620 2701 des
643 2651 777 2701 historiens
795 2649 964 2701 d’Alexandro
981 2650 1005 2700 le
1024 2649 1067 2698 Gr.
1086 2667 1110 2715 p.
1133 2649 1200 2713 113,
1217 2649 1245 2699 de

276 2719 386 2770 editione
404 2729 487 2770 autem
513 2721 548 2788 τῇ
572 2717 601 2768 ἐκ
624 2720 674 2769 τοῦ
697 2717 837 2786 νάρθηκος
859 2719 1008 2769 dissidentes
1033 2717 1141 2783 Giphan.
1166 2718 1244 2768 Praei.

274 2788 309 2837 ad
327 2787 357 2837 11.
377 2799 402 2839 et
419 2790 522 2850 Kuster‚
541 2789 573 2838 ad
593 2787 664 2840 811111,
684 2786 713 2837 Τ.
731 2787 763 2838 11,
781 2805 806 2853 p.
825 2787 849 2841 8.
862 2797 888 2838 et
901 2787 1035 2838 Burmann.
1050 2785 1107 2838 Sec.
1121 2785 1245 2838 adValss.

277 2856 401 2907 Emendd.
439 2859 521 2913 ‚155.

344 2925 378 2990 ⁴⁸)
397 2875 436 2977 DE
454 2927 501 2976 hoc
518 2925 575 2976 ride
592 2925 647 2976 loca
665 2941 704 2990 ap.
727 2923 826 2990 Meurig.
846 2922 879 2974 sd
895 2923 978 2975 Laert.
996 2921 1042 2985 IX,
1060 2922 1102 2976 58.
1115 2921 1244 2974 Callisthe-

277 3009 322 3043 nes
340 2994 401 3044 eatis
419 3003 503 3046 notus.

345 3062 379 3128 ⁴⁰)
397 3062 461 3113 Vide
479 3063 511 3112 ad
529 3059 557 3125 β.
576 3063 617 3116 53.
639 3063 695 3116 169.
716 3061 771 3114 183.
790 3061 850 3116 305.
875 3060 957 3114 carel.
977 3061 1035 3114 156.
1058 3076 1084 3125 7.
1106 3059 1166 3112 976.
1190 3060 1244 3112 977,

275 3129 302 3183 d.
321 3130 362 3184 88.
382 3133 423 3186 93.
443 3133 501 3186 997.
519 3145 542 3181 ε.
560 3132 619 3184 741.
638 3131 697 3184 778.
715 3129 737 3186 ζ.
756 3131 812 3183 934.
833 3146 858 3196 η.
878 3131 919 3184 93.
938 3128 996 3182 998.
1015 3127 1244 3184 1171198153,

279 3199 337 3253 959.
358 3215 379 3250 ν.
398 3201 457 3254 trs.
477 3216 502 3249 π.
522 3200 580 3252 933.
598 3215 622 3250 τ.
642 3201 698 3252 108.
718 3197 747 3262 φ.
767 3200 872 3252 96911).
896 3199 932 3252 15.
946 3199 1004 3252 569.
1033 3195 1170 3246 Praetereo
1182 3196 1243 3255 loca,

277 3266 321 3316 ubi
339 3269 437 3336 aliquid
455 3285 486 3318 ex
503 3266 612 3328 Potitiis,
635 3284 667 3316 ex
691 3268 760 3318 Hiet.
784 3277 865 3316 natur.
888 3266 1019 3327 laudatur,
1041 3265 1143 3330 aliaque
1166 3272 1195 3314 ut
1215 3263 1244 3314 1111

279 3334 302 3386 l.
323 3337 380 3394 115.
400 3355 426 3390 π.
449 3338 511 3397 149,
530 3345 604 3387 etex
623 3335 763 3386 Rhetoricis
782 3336 860 3400 petita
878 3335 923 3385 illa
941 3336 973 3385 ad
986 3349 1009 3385 α.
1024 3334 1082 3389 303.
1097 3333 1155 3386 481.
1185 3331 1243 3383 Oru-

278 3407 337 3457 nino
356 3408 382 3457 in
400 3407 440 3457 his
458 3407 574 3456 omnibus
593 3421 728 3471 perparum
745 3405 884 3454 adiumenti
902 3413 940 3454 est
959 3403 991 3452 ud
1009 3401 1146 3452 tollendam
1158 3402 1242 3452 obson-

279 3475 377 3526 ritatem
395 3477 580 3527 sententiarum
598 3482 623 3524 et
641 3474 783 3533 verborum,
802 3475 849 3522 etsi
868 3471 991 3522 nonnulla
1013 3471 1073 3521 satis
1096 3477 1156 3520 sunt
1178 3470 1241 3535 inge·

279 3545 352 3592 niosa
368 3553 394 3595 et
412 3544 444 3593 ad
462 3542 594 3593 historiam
612 3542 825 3608 interpretationis
843 3541 921 3592 utilia.
