2694 4116
519 335 727 392 -141-

136 495 205 550 aliua
231 494 374 566 quiequam
395 494 638 552 Grammaticorum
662 494 838 552 Graecorum.
883 496 946 567 Qua
972 496 999 552 in
1023 496 1108 553 abun-

136 571 231 626 dantia
253 573 382 628 materiae
407 571 461 627 hoc
484 575 546 628 loco
573 573 618 628 vix
637 573 798 644 gradarium
817 589 942 643 quaeque
962 573 1107 646 complecti

135 663 230 714 eonor,
251 649 318 704 aetia
338 649 489 716 habiturus,
510 650 533 704 ai
552 651 677 704 univerae
697 649 831 720 quaedam
843 651 1035 718 percurrendo,
1057 650 1106 704 ob-

134 725 335 780 servationibna
365 727 401 781 ad
425 727 548 798 cingulos
572 727 649 781 locon
674 725 787 780 Homeri
803 725 977 794 'efferendia,
1007 726 1107 782 idonea

136 799 314 856 fundamenta
332 801 432 857 iecero.

547 977 686 1059 XLVI.

212 1127 291 1182 Hanc
316 1128 353 1184 cd
378 1145 435 1184 rem
459 1131 641 1184 ueceaenrium
667 1133 708 1182 eet
734 1125 871 1198 disputare
896 1125 1052 1198 diligentior
1073 1125 1107 1180 de

134 1203 209 1256 omni
228 1205 335 1260 ratione
356 1205 463 1261 critices
483 1212 621 1275 veterum,
646 1220 794 1274 veramque
820 1204 877 1259 eius
900 1204 990 1258 enimc
1010 1217 1108 1272 cepere

133 1280 260 1349 speciem.
290 1281 419 1336 Nondum
429 1284 498 1336 enirn
512 1283 578 1338 aetio
591 1283 767 1338 refutavimus
775 1278 810 1351 ¹⁰)
825 1282 964 1351 vulgarem
977 1295 1105 1348 errorem,

133 1373 190 1426 quo
214 1357 294 1412 facile
320 1358 443 1413 ducimur
470 1376 578 1428 omnen,
606 1367 636 1413 ut
662 1358 778 1414 Critiooa
804 1357 974 1428 antiquitatis
1001 1355 1107 1424 horum,

133 1431 182 1502 qui
201 1450 273 1488 nunc
292 1441 364 1501 aunt,
385 1436 494 1503 similes,
514 1443 598 1506 etque
618 1433 806 1490 Aristarchum
831 1436 858 1489 in
879 1433 971 1505 primis
991 1432 1108 1487 Bentleii

132 1525 182 1563 eeu
210 1507 400 1580 Valckenarii,
428 1529 477 1567 eeu
503 1513 627 1583 quinquie
652 1512 770 1582 antiquo·
788 1512 890 1582 scripta
913 1511 973 1581 pari
999 1509 1107 1580 ingenio

134 1586 246 1654 expolit,
267 1587 348 1658 longe
368 1589 531 1643 simillimum
553 1598 686 1658 putemne.
727 1586 817 1658 quue
841 1589 921 1643 nobis
944 1584 1108 1657 persuadere

131 1660 230 1716 volunt
249 1663 332 1718 allato
354 1666 442 1736 elogio
463 1665 624 1734 Horatiano,
651 1665 712 1719 Iuor
732 1665 922 1733 Amatoredue,
949 1663 992 1717 oui
1017 1662 1107 1733 elogio

132 1739 215 1793 etium
235 1739 433 1796 Panaetiannm
452 1741 553 1797 addere
574 1748 710 1813 potarunt.

209 1815 273 1885 seu,
294 1824 325 1872 nt
344 1835 361 1872 a
379 1819 532 1888 posteriore
553 1820 657 1887 ordiar,
684 1818 752 1872 illud
771 1817 808 1873 ad
827 1818 1002 1887 interpretem
1023 1816 1105 1885 perti·

129 1898 177 1946 net
197 1894 348 1962 manifecte,
368 1913 422 1949 non
442 1895 477 1949 ed
498 1895 708 1950 emendatorem.
749 1895 858 1949 Horatii
878 1909 943 1949 vero
964 1899 1023 1947 tota
1043 1909 1102 1946 aen·

129 1971 216 2024 tentio
235 1971 297 2025 telio
318 1978 372 2039 eet,
399 1972 426 2024 in
453 1989 508 2041 qna
527 1973 550 2026 ei
571 1989 620 2042 pro
641 1971 800 2025 Aristarcho
819 1970 1002 2026 substituetur
1022 1969 1105 2022 Rom·

128 2046 202 2098 lerum
220 2052 321 2115 noster,
340 2049 487 2102 acerrimus
507 2047 655 2102 alienorum
676 2045 830 2102 carminum
859 2047 1022 2118 castigator,
1048 2063 1105 2099 mu·

128 2122 260 2177 tationem
280 2124 355 2178 iuxta
373 2125 463 2179 ferant
482 2125 510 2192 ii,
532 2126 579 2195 qui
599 2125 679 2179 huius
699 2125 800 2180 iudicia'
819 2124 939 2192 laudent,
961 2129 989 2178 et
1008 2122 1105 2192 quiea

128 2198 335 2268 adapernantur.
376 2201 444 2256 Inde
463 2208 592 2272 apparet,
620 2201 749 2257 criticum
773 2202 811 2257 ibi
832 2201 883 2256 hac
903 2199 1101 2271 significatione

127 2281 222 2329 nostra
242 2292 295 2329 non
316 2277 378 2331 dici.
415 2278 474 2332 Iam
494 2278 569 2348 quod
589 2281 676 2333 minua
696 2278 831 2350 ambigue,
850 2278 916 2332 licet
934 2293 983 2347 per
1003 2276 1105 2344 iocum,

128 2352 225 2407 ecribit
245 2350 341 2407 Cicero
350 2353 395 2424 11),
417 2354 605 2409 Arietarcdum
626 2355 740 2408 Homeri
757 2371 849 2408 verace
867 2352 1014 2423 capaciore,
1037 2369 1105 2422 quoa

127 2447 182 2483 arou
197 2430 368 2499 probaverit,
395 2449 460 2485 num
486 2430 539 2485 hoc
563 2433 663 2487 certius
683 2431 832 2502 siguificat,
856 2429 1005 2500 principem
1026 2426 1104 2484 criti-

127 2522 221 2560 corum
241 2511 327 2560 artem
347 2507 500 2579 corrigendi
519 2509 555 2564 ad
569 2508 641 2562 hunc
655 2514 777 2562 nostrum
791 2506 902 2561 modum
916 2512 943 2560 et
957 2509 1104 2560 accuratae

127 2582 286 2652 disciplinae
305 2583 447 2639 formulam
462 2583 633 2640 exercuisse?
654 2603 689 2640 en
708 2585 800 2654 potine
820 2583 930 2638 credere
950 2599 1001 2636 noe
1016 2581 1102 2652 cogit,

126 2659 203 2712 illum
223 2660 349 2729 neglecta
368 2662 455 2732 prima
476 2661 536 2731 lege
557 2662 687 2716 historiae
706 2667 826 2714 mutasse
840 2664 868 2714 et
881 2658 1042 2729 expunxisse
1058 2673 1099 2724 ea,

126 2737 154 2790 in
175 2735 274 2805 quibus
294 2735 432 2792 Homerna
452 2753 574 2807 peccare,
595 2738 665 2808 labi,
692 2736 838 2792 dormitare
857 2733 1016 2791 videretur?
1056 2731 1103 2788 Se·

125 2827 194 2866 neco
215 2811 324 2882 quidem
344 2830 391 2868 ooe
412 2831 515 2880 aereus,
536 2830 604 2884 quoe
624 2813 800 2868 Aristarchus
820 2818 976 2883 negaverat,
1003 2811 1105 2864 alienor

127 2887 249 2958 dicitu),
269 2887 407 2944 Ausonius
428 2891 509 2945 etiem
528 2890 695 2960 aponocffl),
715 2890 852 2961 planeque
872 2893 951 2944 vetus
970 2888 1104 2957 interpres

199 3065 231 3130 ¹⁰)
248 3064 312 3132 cap.
330 3064 450 3117 XXXIn.

196 3132 228 3199 ¹¹)
246 3131 313 3200 Epp.
332 3135 365 3186 ad
382 3133 474 3186 Famil.
492 3134 538 3196 III,
558 3137 598 3189 ll.
618 3134 689 3187 Ocni.
707 3135 843 3220 earundem
860 3132 906 3198 IX,
925 3133 965 3186 10.
983 3137 1010 3183 et
1028 3132 1101 3182 Orat.

125 3220 152 3254 m
169 3203 318 3336 maineriis
336 3267 502 3324 LXXXVIII.
521 3277 584 3322 extr.
604 3270 750 3322 Xenarchi
766 3279 853 3333 norea,
878 3267 970 3334 quibus
987 3267 1104 3319 alicua

129 3335 255 3389 Gauraina
273 3336 430 3401 compuncte,
448 3337 637 3402 reeoyuoaccmi
655 3340 752 3406 Nempe
764 3339 791 3392 id
802 3339 913 3391 fecerant
924 3335 1103 3401 faciebantque

126 3405 239 3460 Senecae
256 3412 341 3458 aetate
358 3404 454 3470 piures,
473 3405 538 3457 inira
555 3406 629 3459 nobie
647 3406 785 3461 indicendi.

196 3489 229 3558 ¹³)
246 3491 313 3558 Epp.
331 3489 430 3555 XVIII,
448 3491 491 3546 29.
507 3489 564 3542 Hoc
582 3491 650 3543 enim
668 3509 749 3555 carru,

248 3559 350 3627 Quique
367 3566 441 3612 uotae
459 3560 554 3627 epuriie
572 3559 688 3614 vereibna
707 3559 836 3628 apposuit,
