2694 4116
479 381 688 440 -147-

97 543 300 601 animadversa:
321 545 369 599 sed
390 544 463 614 quod
484 544 571 615 primo
591 546 655 599 loco
670 544 854 615 quaerendum
869 552 920 616 est,
942 545 1008 618 quid
1027 544 1075 602 ille

96 622 124 676 in
144 639 277 676 summam
296 621 451 678 Garminum
470 621 535 676 novi
554 620 699 691 induxerit,
720 638 775 690 qua
794 622 924 694 religione
945 624 1073 694 antiquos

98 698 186 754 libros
208 699 365 766 excusserit,
381 697 519 768 quomodo
539 715 604 752 usus
625 698 660 752 sit
678 697 822 766 Zenodoti,
837 699 1031 770 Aristophanis
1047 706 1075 756 et

96 783 260 842 ceterorum,
275 791 345 845 quos
359 791 441 845 supra
454 775 599 843 nominavi,
614 774 876 846 recensionibns¹⁶);
896 776 966 831 haee
979 783 1007 831 et
1020 777 1075 831 alia

96 852 179 908 certis
205 857 253 905 aut
276 851 465 921 probabilibus
492 851 658 922 argumentis
683 849 766 906 hodie
789 851 906 922 perspici
926 857 1074 923 nequeunt.

94 929 207 984 Etenim
228 944 334 997 exque
355 925 533 982 Aristarchea
555 923 710 991 ἀνάγνωσις
731 927 806 983 facta
831 936 889 983 erat
909 925 1075 994 παράδοσις,

96 1006 223 1076 (culpata
243 1005 326 1072 lectio,
341 1006 466 1074 culpatus
486 1011 579 1072 emtus,
601 1004 655 1057 dici
675 1004 753 1074 solet,
775 1011 804 1060 et
824 1004 891 1059 satis
912 1006 1076 1075 commoda)

95 1083 125 1136 id
148 1081 224 1152 quod
239 1088 343 1135 mature
358 1080 458 1134 factum
473 1079 634 1150 videtur²⁷),
656 1080 691 1134 ad
711 1081 786 1135 illam
806 1082 975 1150 potissimum
989 1098 1078 1136 novae

95 1157 303 1214 emendationes
317 1163 345 1210 et
359 1157 514 1212 notationes
528 1173 649 1211 annexae
661 1163 688 1211 et
702 1159 870 1228 compositae
883 1165 955 1227 sunt,
971 1158 1078 1212 omissis

94 1237 155 1290 fere
176 1234 269 1304 primis
290 1233 448 1289 auctoribus
468 1233 629 1302 lectionum,
654 1233 708 1287 nisi
733 1233 805 1289 forte
829 1234 877 1288 ubi
897 1234 937 1287 illi
956 1235 1028 1289 inter
1046 1251 1078 1289 se

95 1311 281 1366 dissentirent.
321 1311 404 1380 Isque
424 1327 483 1364 mos
503 1317 626 1365 servatus
647 1316 690 1364 est
709 1329 727 1365 a
741 1309 932 1365 Grammaticis
952 1310 1076 1378 maxime,

94 1393 246 1460 postquam
268 1403 300 1441 ex
315 1386 432 1443 Cratetis
453 1403 485 1440 ac
505 1386 673 1457 reliquorum
685 1385 839 1441 Aristarchi
859 1388 1078 1442 adversariorum

95 1463 222 1519 censuris
243 1470 270 1518 et
290 1463 571 1518 animadversionibus
591 1463 691 1518 multae
711 1480 798 1519 novae
811 1464 856 1518 uel
870 1481 903 1518 ex
918 1464 1076 1534 antiquiori·

95 1543 151 1597 bus
172 1545 318 1594 revocatae
339 1539 491 1612 scripturae
505 1540 532 1593 in
546 1546 643 1593 tectum
656 1547 713 1593 tum
725 1542 865 1609 culpatum
877 1540 970 1595 illatae
984 1544 1078 1609 erant,

96 1617 187 1671 donee
215 1633 286 1672 saec.
307 1616 360 1670 III.
382 1623 430 1670 aut
448 1615 500 1673 IV.
522 1633 554 1670 ex
573 1614 670 1670 iisdem
688 1616 820 1684 fontibus,
845 1615 934 1671 denuo
953 1617 1079 1671 instituta

96 1693 298 1763 recognitione,
318 1693 421 1763 prodiit
442 1710 474 1747 ea
494 1693 621 1759 recensio,
642 1710 725 1762 quam
744 1710 794 1762 per
815 1710 916 1760 omnes,
938 1694 984 1762 qui
998 1693 1078 1747 nobis

96 1776 256 1840 supersunt,
281 1769 367 1823 libros
382 1769 498 1839 scriptos
512 1768 626 1823 similem
639 1769 667 1822 in
681 1769 791 1822 summis
805 1770 888 1823 rebus
900 1774 985 1839 atque
999 1769 1078 1822 unius

42 1861 50 1874 “
96 1847 225 1916 exempli,
245 1845 323 1900 hodie
342 1848 480 1915 culpatum
499 1862 667 1916 usurpamus.

178 1939 256 2010 Quae
277 1957 362 2010 quum
381 1939 421 1994 ita
440 1940 504 2008 sint,
525 1939 674 1994 cavendum
687 1939 767 1993 nobis
782 1941 841 2006 erit,
862 1956 896 1994 ne
910 1945 1010 1994 temere
1025 1957 1080 1993 me·

97 2017 205 2071 diocria
230 2016 330 2083 multa,
357 2033 429 2086 quae
455 2033 488 2070 ex
507 2014 661 2070 Aristarchi
685 2021 762 2070 textu
789 2015 950 2085 afferuntur,
978 2033 1080 2086 prauae

172 2281 206 2350 ²⁸)
224 2283 307 2336 Usum
324 2283 393 2334 enim
410 2281 462 2334 illis
479 2297 536 2332 esse
554 2282 737 2344 Aristarchum,
755 2291 782 2334 et
800 2283 856 2350 ipsa
873 2299 913 2336 res
931 2292 958 2336 et
976 2284 1082 2336 Scholia

101 2351 198 2470 ηηεείηι
217 2351 370 2470 signillicant
406 2349 560 2432 inquorum
577 2367 629 2468 νηρο
647 2359 674 2468 οΑι
690 2350 907 2468 'alcoran-affertur
929 2353 1027 2478 aliguid
1050 2353 1082 2451 de

103 2437 172 2539 nil
185 2427 287 2554 itit
298 2427 436 2538 {2¹31th
438 2421 958 2552 allilia{inlitteratis
971 2421 1082 2556 hillel

104 2573 162 2608 nat:
183 2554 205 2613 ζ.
224 2560 249 2610 4.
266 2573 292 2623 η.
314 2557 370 2610 127.
389 2571 405 2604 ι.
425 2555 485 2608 212.
505 2571 530 2604 ιι.
551 2555 607 2608 138.
624 2570 653 2619 φ.
673 2555 732 2610 265.
749 2563 797 2606 eto.
833 2557 862 2606 ln
889 2555 978 2622 primis
1004 2573 1028 2605 v.
1048 2555 1082 2606 ad

103 2625 214 2745 ι’θῗθῖῐξε
233 2624 272 2676 De
290 2631 376 2675 nostra
394 2629 479 2674 tamen
497 2622 647 2688 quaestione
664 2639 795 2689 nunquam
812 2623 945 2676 laborasse
962 2625 1082 2676 videntur

178 2778 212 2843 27)
235 2778 294 2830 Huc
318 2783 431 2843 spectant
453 2775 532 2826 verba
553 2777 580 2826 iu
604 2775 729 2838 scholiis,
753 2773 869 2844 ἐπείιπίη
892 2776 909 2844 η
933 2774 1087 2845 παράδοσις

105 2846 127 2901 'A
151 2845 284 2916 ιστάρχῳ,
302 2854 332 2896 ut
355 2843 377 2900 ci.
399 2844 457 2900 138.
484 2859 506 2894 ε.
531 2844 589 2897 289.
613 2861 637 2895 υ.
661 2846 731 2908 357.,
754 2846 795 2897 vel
819 2843 987 2912 ἐπείσθησαν
1011 2843 1087 2926 αὸτηῢ

109 2866 343 2983 οίρΓραρματινισιζ
361 2930 389 2966 π.
406 2912 475 2975 415,
498 2911 538 2963 vel
556 2911 745 2982 ἐπεκράτησεν
770 2913 788 2982 ἡ
814 2913 968 2979 ἀνάγνωσις
992 2910 1087 2975 αὐτου,

110 3001 134 3039 α.
154 2986 215 3038 5Ἱῖ.
239 2998 261 3035 ε.
285 2984 326 3036 69-
352 2980 374 3039 ζ·
401 2982 459 3037 15οι
482 2997 508 3048 η.
525 2981 584 3035 289.
604 2984 703 3050 1067„
726 2982 767 3032 vel
790 2980 877 3039 οὕτως
900 2979 957 3050 ἔχει
981 2979 1016 3030 τὰ
1039 2981 1089 3046 τῆς

109 3049 302 3118 ἀναγνώσεως,
321 3047 344 3100 λ.
364 3051 422 3105 651.
446 3049 475 3114 ψ,
494 3049 554 3104 387.
578 3053 611 3100 oi.
629 3049 747 3116 Apollon.
772 3050 804 3100 de
829 3049 901 3116 Synt.
927 3048 961 3100 11.
985 3066 1010 3115 p.
1029 3049 1087 3102 158.

108 3120 155 3172 111.
174 3138 200 3190 p.
218 3120 277 3174 222.
296 3117 454 3170 Contrarium
472 3132 573 3184 perraro
591 3125 702 3178 notatur,
720 3116 769 3168 οὐκ
789 3116 904 3186 ἐπείσθη
929 3115 946 3183 η
969 3113 1087 3182 παράδο-

110 3204 162 3250 σις,
180 3196 209 3238 ut
226 3204 254 3253 φ.
277 3187 333 3240 162.
352 3205 383 3238 ω.
401 3187 461 3241 316.
479 3193 528 3238 etc.
557 3185 611 3236 Iam
629 3185 689 3236 audi
705 3187 832 3253 insignem
851 3186 938 3236 locum
955 3183 989 3235 ut
1006 3201 1039 3234 m.
1053 3182 1090 3234 Μ.

110 3275 137 3324 p.
156 3257 217 3312 815.
247 3253 379 3322 Διαφέρει
393 3255 497 3324 χρῆσις
514 3253 705 3322 παραδόσεως·
719 3255 823 3338 χρησις
838 3251 888 3315 μὲν
906 3201 1005 3319 γὰρί
1028 3266 1088 3301 arae

111 3325 129 3392 η
147 3326 202 3374 τῶν
222 3321 344 3392 ἀρχαίων
363 3325 517 3390 ποιημάτων
535 3321 681 3390 μαρτυρία,
694 3321 848 3389 παράδοσις
859 3319 889 3370 δὲ
903 3320 920 3388 η
932 3321 987 3369 τῶν
1019 3335 1088 3386 ραμ-

111 3393 241 3454 ματινιῶν·
260 3386 331 3454 οἷον,
350 3390 383 3442 τά
421 3389 449 3440 ἐν
471 3387 588 3458 Ὁμήρου
610 3388 732 3440 καλεῖται
753 3392 870 3459 χρῆσις,
895 3385 930 3438 τὰ
954 3385 984 3436 δέ
1008 3384 1089 3455 Ἀρι-

113 3459 272 3584 σπτάρηέαω
300 3460 360 3510 τοῦ
387 3459 648 3534 ·ραμματινιοῦ,
678 3456 884 3525 παράδοσις.
925 3455 959 3508 Et
987 3456 1089 3522 quidem

112 3544 147 3578 κα
223 3543 297 3596 οχην.

898 3661 933 3701 10·
