2694 4116
632 365 843 416 —116—

327 521 436 576 Etenim
457 519 492 575 ds
513 521 647 575 sexcentis
668 537 776 590 eonrrn,
802 521 848 594 qui
875 537 925 592 per
949 522 1018 578 haec
1040 521 1151 580 mocula
1169 521 1227 576 illu·

252 596 374 664 strandc,
395 595 557 667 corrigendo
579 597 811 668 depravandoque
832 597 955 656 Homero
974 599 1166 668 incubuerunt,
1187 597 1229 652 vix

251 672 365 744 triginta
384 673 463 727 nobis
483 671 551 728 satis
571 671 630 726 noti
644 681 717 728 sunt.
748 671 853 730 Omitto
867 693 994 746 magnam
1007 676 1116 732 turbam
1130 691 1229 739 eonem,

255 751 302 822 qui
322 749 486 805 alterutram
506 767 563 802 rem
585 748 674 804 obiter
693 755 721 804 et
740 749 814 805 aliud
834 751 941 820 agendo
963 752 1086 808 iecerunt
1104 752 1134 806 iu
1147 750 1231 804 diver·

253 825 366 881 sissimis
386 827 504 895 scriptis,
524 823 716 894 philosophos,
738 823 952 896 mathematicos,
975 834 1160 894 astronomos,
1182 844 1232 880 me·

255 902 345 970 dicos,
366 900 525 969 historicos,
546 901 736 972 geographos,
757 901 988 974 mythogrnpbos,
1015 904 1149 958 rhetores.
1189 901 1232 956 In-

253 979 373 1034 numeris
391 977 488 1032 bcrum
507 978 553 1032 vel
572 978 660 1046 ipsam
673 979 789 1032 nominis
804 980 960 1036 memoriam
973 981 1089 1036 abstulit
1102 985 1233 1034 vetustas.

254 1054 364 1111 Nullam
391 1055 461 1109 enirn
488 1059 606 1108 aetatem
631 1053 715 1109 habet
738 1054 853 1110 historia
875 1065 998 1110 veterum
1016 1057 1185 1122 litterarum,
1208 1055 1236 1108 in

255 1149 311 1202 qua
330 1129 458 1186 maiorem
478 1131 610 1184 iacturam
630 1129 784 1186 fecerimus.
826 1131 1051 1204 Quotusquisque
1077 1138 1120 1186 est
1145 1132 1175 1186 in
1195 1131 1235 1184 his

256 1212 313 1266 250
340 1206 533 1275 scriptoribus,
559 1205 605 1276 qui
630 1206 782 1262 excitantur
807 1206 835 1262 in
860 1207 974 1264 Venetis
995 1208 1129 1274 Scholiis,
1156 1224 1236 1278 quem

255 1301 306 1338 nos
331 1283 486 1339 accuratius
511 1280 690 1352 norimusfflyt
735 1281 789 1338 llic
818 1283 957 1340 laboriosa
987 1285 1083 1340 messis
1109 1284 1237 1340 obiicitur

255 1360 463 1425 litteratoribus,
485 1375 555 1430 quae
576 1357 697 1412 laborem
711 1365 802 1414 tamen
815 1359 975 1430 saepissime
988 1361 1145 1416 frustratur.
1167 1359 1238 1419 Nam

256 1443 287 1490 ut
314 1436 404 1490 omnia
428 1435 614 1488 minutissimis
641 1435 765 1505 vestigiis
789 1436 927 1504 indagaris
953 1445 981 1492 st
1005 1437 1156 1492 excusseris
1178 1453 1238 1490 cum

256 1511 418 1583 pulvisculo,
440 1510 484 1564 vix
505 1513 648 1565 obscuram
672 1511 810 1580 quandam
834 1513 1085 1582 adumbrationem,
1109 1530 1169 1570 non
1193 1528 1238 1566 ex-

256 1605 378 1658 pressam
398 1585 544 1656 imaginem
563 1604 716 1657 proponere
736 1585 830 1644 licebit
850 1589 907 1644 eius
929 1589 1084 1656 doctrinae,
1104 1606 1179 1660 quae
1200 1587 1239 1642 bi-

256 1661 410 1718 bliothecae
441 1661 604 1718 Criticorum
633 1663 847 1720 Homericorum.
875 1665 1036 1735 impleverat
1066 1665 1238 1736 temporibus

257 1740 383 1810 Apionis.
423 1738 478 1793 Sed
498 1739 579 1793 nobis
599 1756 652 1794 non
674 1747 715 1794 est
734 1742 853 1810 animus,
879 1741 987 1796 illarum
1007 1759 1110 1800 vacuos
1131 1739 1239 1796 forulos

257 1815 402 1872 ostendere
423 1815 535 1886 singulis
557 1813 853 1888 deperditis'opsribus
874 1818 1095 1887 dinumerandis,
1120 1824 1171 1874 aut
1191 1817 1240 1872 im-

256 1895 368 1963 pensius
389 1893 519 1962 conqueri
545 1893 665 1963 iniquam
685 1902 800 1962 sortem,
828 1912 877 1950 seu
903 1912 1067 1966 quocunque
1094 1893 1164 1949 illud
1192 1912 1240 1948 no·

258 1971 330 2024 mine
350 1969 488 2040 appellare
509 1968 614 2038 placet,
639 1969 713 2038 qnod
736 1976 839 2026 tantam
860 1978 979 2041 stragem
999 1979 1027 2026 et
1047 1972 1152 2026 ruinam
1173 1969 1241 2025 fecit

258 2048 287 2100 in
313 2046 410 2112 rebus,
436 2062 507 2114 quae
532 2045 696 2114 sempiterno
717 2047 778 2100 usui
798 2047 968 2102 eruditorum
987 2049 1139 2103 destinatae
1160 2044 1240 2100 vide·

259 2129 361 2176 rentur.
401 2119 464 2174 Huc
489 2138 571 2190 saepe
595 2121 732 2176 litteratos
757 2141 807 2178 nos
833 2123 912 2178 decet
938 2124 1029 2180 animo
1055 2123 1178 2194 regredi,
1211 2133 1243 2176 ut

258 2197 349 2254 famae
368 2203 479 2252 nostrae
493 2197 674 2252 conditionem
688 2198 832 2264 discamus,
854 2207 881 2254 et
900 2219 933 2254 ex
947 2207 990 2256 tot
1004 2201 1138 2255 clarorum
1152 2199 1242 2268 scrip-

260 2362 461 2375 ——----—-

262 2450 320 2483 rum
338 2443 363 2482 ct
380 2432 406 2482 in
425 2444 527 2496 quoquc
544 2444 637 2494 genere
655 2427 811 2494 principum,
836 2446 911 2496 quern
930 2427 974 2480 lib.
992 2427 1025 2482 X.
1045 2427 1244 2488 Quinctilianus

263 2512 289 2552 et
306 2497 493 2568 quodammodo
511 2506 565 2546 tcta
582 2496 720 2562 antiquitas
739 2496 862 2563 sequitur,
881 2497 993 2547 omniunt
1011 2498 1170 2548 saeculorum
1182 2509 1245 2548 stu-

261 2569 305 2620 dia
322 2579 348 2619 et
364 2567 525 2620 librariorum
548 2579 638 2613 manus
661 2564 757 2614 direxit
774 2564 807 2614 ad
830 2567 872 2622 id,
896 2565 964 2630 quod
987 2566 1111 2631 optimum
1135 2573 1191 2616 erat
1217 2568 1246 2616 in

263 2635 365 2687 infinita
383 2636 465 2699 eopia.
502 2632 606 2696 Absque
623 2631 669 2681 illo
687 2631 787 2683 delectu
805 2642 881 2691 esset,
898 2635 1011 2698 prolecto
1035 2649 1082 2684 nos
1104 2649 1155 2685 non
1180 2635 1248 2686 neec

262 2713 429 2756 monomenta
447 2701 597 2766 antiquioris
616 2701 748 2762 Graeciae,
766 2708 793 2751 et
810 2700 879 2750 baud
897 2701 949 2751 ecio
966 2718 998 2751 an
1016 2702 1100 2752 minus
1113 2713 1248 2768 praestan·

264 2772 300 2823 tia
316 2772 475 2820 haberemus.

333 2839 366 2902 ⁰¹)
385 2837 419 2888 Ut
438 2838 581 2902 Antigonus
598 2835 631 2886 ad
649 2835 678 2898 ψ.
696 2837 756 2890 319.
767 2835 913 2888 Antodorns
926 2853 970 2887 eeu
982 2836 1126 2888 Autodorus
1139 2838 1169 2902 ψ.
1183 2839 1248 2894 638.

264 2907 343 2971 (idem
359 2906 376 2958 f.
395 2921 470 2970 quem
489 2905 536 2954 sub
554 2921 578 2954 u.
592 2905 633 2957 36.
652 2903 835 2966 memorabam)
853 2906 977 2956 Aretades
995 2924 1027 2958 ω.
1052 2909 1109 2959 110.
1129 2907 1248 2958 Aristeas

265 2993 290 3025 ν.
312 2975 366 3029 137.
385 2972 506 3036 Clitopho
524 2989 548 3021 o.
567 2973 626 3026 tot.
645 2971 735 3029 Demo,
754 2972 995 3038 mulierallegoriue
1007 2973 1131 3032 studiosa,
1142 2971 1171 3036 β.
1185 2975 1249 3030 205.

265 3059 289 3093 ε.
307 3043 366 3095 72⁶2.
385 3041 423 3092 Oi.
443 3041 514 3092 Eust.
532 3057 558 3106 p.
578 3041 654 3095 1154.
690 3039 740 3090 llrc
759 3039 846 3090 Delius
873 3049 899 3090 et
917 3041 1011 3091 Hermo
1029 3057 1052 3091 κ.
1071 3043 1130 3096 274.
1150 3041 1249 3108 Hagno

265 3111 290 3162 d.
311 3113 368 3164 tot.
387 3110 535 3174 Licymnius
552 3107 582 3171 β.
603 3111 659 3163 106.
685 3106 805 3158 Nemesin
829 3125 852 3161 κ.
873 3109 932 3163 397.
956 3109 1106 3174 Polycletus
1129 3125 1158 3175 φ.
1186 3112 1248 3166 126.

265 3198 292 3247 p.
309 3179 368 3234 468.
405 3178 496 3228 Sextus
519 3174 542 3227 λ.
565 3179 619 3231 155.
655 3176 799 3242 Staphylus
822 3193 848 3228 π,
878 3179 934 3232 llo.
958 3177 1031 3227 Xeno
1054 3193 1082 3238 μ.
1107 3177 1167 3233 435.
1192 3177 1247 3237 alii,

267 3251 310 3315 qui
329 3247 402 3298 nobis
427 3246 517 3294 deinde
540 3253 672 3295 occurrent
695 3262 744 3294 non
770 3246 885 3310 quaesiti.
921 3245 951 3296 In
975 3245 1020 3296 illo
1045 3262 1149 3296 numero
1173 3247 1250 3311 plura

266 3325 326 3367 sunt
343 3315 445 3366 nomine
464 3313 654 3372 obscurissima,
677 3318 770 3378 partim
796 3312 870 3372 plane
892 3315 991 3378 ignote,
1015 3315 1104 3380 partim
1129 3329 1250 3380 corrupta

266 3386 343 3434 etiarn
367 3401 384 3434 a
406 3381 525 3432 librariis.
566 3381 618 3431 Sed
640 3383 729 3431 insunt
751 3393 850 3441 tamen,
873 3383 916 3446 qui
939 3383 1082 3447 perantiqui
1104 3381 1249 3442 rideantur,

266 3469 333 3502 unus
351 3462 376 3502 et
395 3452 460 3500 alter
479 3449 669 3508 Aristerobeus,
688 3461 714 3500 et
737 3449 854 3499 assiduus
876 3449 960 3500 forsan
985 3452 1107 3515 interpres
1132 3449 1249 3502 Homeri.

267 3519 379 3570 Omnino
397 3519 422 3569 in
442 3519 512 3568 noris
533 3518 642 3568 scholiis
655 3517 728 3584 pauci
742 3517 907 3581 reperiuntur,
920 3519 1012 3583 quibus
1024 3503 1135 3570 aetatdm
1147 3519 1249 3586 Apiooe

268 3588 433 3652 posteriorem
451 3583 568 3652 assignet
585 3597 657 3636 certa
672 3585 739 3636 ratio
757 3597 906 3652 temporum.
