2694 4116
496 305 705 361 -117-

109 471 203 520 tomus
222 465 374 520 miserrima
390 466 501 522 lorium
514 467 648 521 solatium
667 481 829 536 quaeramus
847 467 947 521 nostris
961 465 1018 520 sive
1034 466 1089 519 sito

109 541 271 610 interituris,
292 559 340 596 seu
357 542 506 612 aliqnando
526 545 596 598 acris
617 544 737 596 censoris
757 543 875 597 carbone
889 543 998 597 notatis.
1035 541 1094 594 illio

111 625 293 748 Εαῗὲἓέζῖιιο
313 619 341 672 iu
361 619 423 672 loeo
436 619 578 674 cadavere
603 627 631 672 et
657 619 738 673 busta
758 619 927 672 voluminum
946 621 1010 672 erite
1031 633 1095 671 oeu-

558 869 682 948 XLII.

196 1008 293 1062 Redeo
315 1009 349 1062 sd
369 1011 445 1062 viros
465 1010 571 1078 doctos,
593 1013 640 1080 qui
652 1013 742 1068 adhue
756 1012 852 1065 vivunt
865 1013 892 1064 in
906 1011 1097 1081 superstitibus

117 1085 298 1154 scriptoribus
327 1093 355 1138 et
382 1085 553 1141 Scholiastis.
595 1089 758 1158 Quanquam
782 1087 958 1158 plurimorum
984 1103 1017 1142 ex
1042 1087 1098 1140 illis

119 1161 246 1230 precaria
265 1157 322 1216 vita
344 1168 394 1214 est.
433 1161 498 1232 Ipse
520 1163 629 1231 quidem
650 1167 758 1233 Zoilus,
785 1165 971 1218 famosissimis
996 1163 1098 1218 fabulis

116 1237 238 1290 ludibrio
264 1239 382 1290 omnium
410 1243 563 1309 temporum
588 1243 727 1308 obiectus,
755 1242 854 1312 quibus
879 1241 1051 1309 potissimum
1070 1239 1099 1292 in

116 1313 200 1366 rebus
220 1312 356 1368 allatrarit
374 1313 539 1382 Homerum,
565 1333 660 1385 parunt
693 1315 853 1386 consenti).
893 1315 937 1370 Ita
956 1315 1098 1384 nonnullo-

117 1407 196 1458 rum,
221 1389 267 1458 qui
288 1389 415 1444 dicuntur
435 1392 480 1446 uni
501 1392 541 1444 rei
561 1410 609 1446 seu
629 1395 765 1448 vocabulo
785 1397 884 1462 politae
906 1400 992 1458 totam
1012 1394 1099 1446 vitem

116 1466 307 1534 insumpsisse,
334 1483 367 1520 ne
392 1467 459 1522 haec
486 1467 596 1536 quidem
619 1476 675 1526 tam
700 1487 863 1524 aerumnosa
888 1469 998 1524 inventa
1020 1469 1099 1536 plene

118 1548 251 1610 excerpta
262 1543 376 1610 legimus
385 1541 436 1612 Ἧι
458 1544 506 1598 clii
525 1544 595 1600 adeo
617 1564 671 1601 una
685 1563 771 1616 prava
784 1547 970 1613 correctione,
982 1545 1031 1600 alii
1043 1561 1100 1598 una

118 1619 357 1686 interpretatione,
384 1620 431 1674 alii
451 1639 504 1672 uno
525 1627 639 1675 accentu
665 1625 759 1688 istam,
786 1639 868 1692 quum
895 1622 1024 1688 diximus,
1051 1622 1099 1672 im-

117 1694 314 1748 mortalitatem
334 1695 428 1765 adepti
448 1695 563 1762 sistit).

192 1881 225 1948 82)
244 1880 272 1932 Si
291 1881 356 1932 nihil
375 1880 407 1931 de
424 1881 496 1930 Zoilo
514 1892 659 1947 superesset
676 1890 775 1949 praeter
792 1881 838 1932 illa
856 1882 890 1944 erl
908 1897 934 1934 α.
957 1883 1012 1935 199.
1031 1897 1055 1934 e.
1072 1886 1099 1936 4.

120 1951 162 2014 20.
181 1967 205 2000 κ.
224 1951 283 2002 274.
301 1965 326 1999 σ.
345 1949 386 2002 22.
404 1959 430 2000 et
447 1949 521 2002 llust.
539 1952 572 2000 ud
592 1950 685 2016 Odyss.
703 1968 727 2015 p.
751 1951 834 2009 1614..
853 1949 963 2000 inrisam
974 1950 999 1999 ei
1010 1951 1102 2014 poesin

120 2035 222 2069 omnem
244 2019 323 2067 t'uisee
346 2017 456 2077 diceres,
480 2017 607 2083 planeque
635 2021 778 2082 ignoratum
801 2017 877 2083 prisci
899 2018 955 2068 aeri
977 2019 1102 2068 rationem

121 2085 252 2138 sentiendi
274 2083 454 2150 loquendique.
499 2086 528 2134 ln
556 2102 606 2150 quo
633 2095 718 2136 temen
746 2085 810 2135 nihil
838 2079 976 2136 admodum'
1002 2093 1103 2149 praeter

119 2169 219 2204 ceteros
236 2153 360 2218 peccavit:
380 2152 455 2202 modo
473 2153 569 2204 rabiem
582 2153 712 2204 addidisse
724 2154 823 2204 ridetur
835 2154 971 2218 prolectam
984 2154 1016 2204 sb
1030 2168 1101 2204 acer-

97 2223 205 2290 ,bitate
223 2225 248 2269 et
266 2223 389 2284 pravitate
407 2219 492 2270 enimi.
528 2219 629 2271 Similis
647 2222 698 2271 illis
722 2238 800 2286 saepe
823 2223 898 2272 multi
923 2222 1015 2272 uostris
1037 2230 1102 2270 tem-
1135 2224 1137 2228 '

120 2289 227 2356 poribus
244 2287 362 2338 adversus
380 2286 437 2337 Vet.
457 2289 526 2338 'lest
538 2289 692 2354 scripserunt
703 2289 815 2354 impune.
844 2289 962 2340 Ceterum
974 2286 1104 2340 zoilorum

120 2357 237 2416 historie,
256 2356 330 2406 ctiam
349 2363 405 2422 post
422 2354 586 2416 Hardionom,
605 2373 655 2406 uon
675 2359 762 2420 paucis
773 2357 966 2407 difficultatibus
978 2355 1102 2420 impetita

121 2434 170 2480 est.
207 2423 259 2474 Sed
278 2421 459 2474 celeberrimus
477 2439 564 2474 eorum
583 2425 649 2474 baud
668 2425 746 2474 dubie
762 2424 916 2486 rlretott'uit,
931 2439 1006 2488 quem
1018 2435 1104 2474 tamen
1176 2415 1184 2430 “

120 2495 167 2544 ubi
189 2491 280 2541 Strabo
304 2491 419 2577 appellavi
442 2491 485 2540 Vl.
509 2507 534 2556 p.
557 2494 617 2572 271.
642 2489 722 2560 (417.)
747 2491 773 2541 in
796 2496 936 2572 marginem
967 2492 1104 2556 releganda

121 2555 519 2694 Ρποῧξῐῖξῒὲεοτιῖἲίεᾞξὲζι
531 2558 926 2692 sfioidpuddriglblldzmffiffius
937 2626 1105 2680 beueVelek.

121 2693 188 2764 ὅλην
212 2691 321 2760 βίβλον)
339 2691 500 2760 γράψαντος
522 2692 587 2762 περὶ
611 2698 662 2761 τῆς
684 2692 753 2744 κατὰ
777 2693 842 2752 τοὺς
863 2692 960 2762 ἥρωας
983 2691 1105 2754 τοξείας,

123 2761 325 2895 {illiniti
340 2759 1034 2896 iiiii*sttlittititltlbsiit‘iti
1052 2761 1106 2882 tta

122 2911 183 2952 ente
203 2897 371 2948 Aristonicum
389 2911 415 2948 et
434 2895 609 2962 Tryphonem,
633 2898 679 2950 sed
701 2898 745 2948 diu
768 2849 838 2948 antep
848 2899 1009 2950 Athenaeum
1033 2899 1106 2960 uixit,

123 2973 165 3018 oui
183 2964 302 3016 laudatur
320 2979 374 3015 tum
391 2964 454 3016 alibi
473 2976 527 3015 tum
546 2963 601 3016 Vll.
620 2984 645 3033 p.
663 2967 724 3020 329.
742 2965 771 3017 Ε.
790 2983 821 3016 ex
839 2967 1007 3032 grandissimo
1018 2982 1106 3032 opere,

123 3033 222 3093 eodem,
241 3041 268 3082 ut
285 3035 356 3098 puto,
374 3036 448 3084 euius
467 3035 562 3084 mentio
581 3033 610 3083 fit
633 3033 666 3084 ad
687 3050 712 3083 κ.
731 3035 789 3089 252.
816 3035 861 3084 dtu
883 3034 960 3084 etium
984 3035 1106 3086 Neuteles

122 3107 216 3153 iterum
236 3103 395 3150 occurritur.
416 3101 473 3154 118.
508 3101 587 3152 Aliud
605 3113 645 3152 est
662 3101 750 3167 igitur,
769 3119 814 3166 per
832 3113 910 3152 totam
932 3103 1007 3152 ritum
1032 3105 1107 3167 cogi-

123 3186 181 3220 tare
200 3171 231 3219 de
249 3170 336 3233 aliqua
353 3185 390 3228 re,
409 3167 489 3228 aliud,
508 3169 573 3218 nihil
591 3178 689 3234 praeter
707 3170 865 3221 benennam
884 3185 937 3220 rem
955 3179 1068 3220 tractare.

193 3236 231 3300 ⁸⁴)
252 3235 378 3302 Exemplo
402 3237 453 3286 siut
476 3235 517 3295 lsi,
543 3253 622 3302 quos,
649 3240 765 3303 quumvis
793 3239 924 3305 eliquanto
951 3236 1106 3302 posteriores

124 3304 254 3356 Zenodoro
273 3307 421 3370 plerosque,
440 3313 509 3354 tento
526 3301 656 3355 lubentius
679 3305 720 3354 hio
742 3305 866 3370 anticipo,
890 3306 951 3370 quis
973 3305 1008 3354 ita
1031 3306 1103 3355 nobis

124 3389 184 3424 aree
202 3381 382 3437 perpurgatus,
400 3381 439 3422 tot
458 3371 571 3422 obscuris
583 3372 728 3422 bominibus
740 3371 854 3422 differte:
867 3372 988 3437 Leptines
1000 3371 1029 3434 ψ.
1044 3373 1105 3425 731.

124 3439 154 3488 ἐν
172 3450 274 3492 mutuus
292 3439 319 3488 in
338 3435 384 3500 ἕν,
403 3439 471 3506 quod
489 3439 598 3505 putabat
620 3457 677 3490 esse
701 3435 814 3505 ἕτερονς
838 3440 950 3500 Attalus,
972 3441 1058 3491 forsan
1081 3441 1104 3490 is

93 3520 98 3526 ·
126 3510 170 3576 qui
193 3509 219 3558 iu
243 3509 340 3560 Aratea
363 3514 546 3558 commentatus
570 3516 621 3570 eet,
646 3509 688 3560 cui
717 3525 740 3560 ο.
766 3512 825 3565 414.
852 3504 953 3556 ἰοδόκον
975 3506 1106 3558 'debemus
