2726 4116
619 282 827 338 -160-

241 443 289 516 qui
307 440 404 497 horum
424 457 550 496 versuum
570 440 660 496 omnia
679 440 796 513 vestigia
816 439 906 497 delete
925 446 989 496 suut
1006 439 1034 496 in
1049 441 1216 501 doctissimis

240 518 356 576 Scholiis
377 523 405 574 et
424 517 460 572 ad
474 517 628 572 Aristarchi
641 517 755 574 maxime
770 518 952 574 recensionem
968 519 1115 574 adornatis.
1141 520 1217 593 Age·

241 597 305 651 dum
325 611 416 666 porro,
436 593 580 649 Plutarchi
600 594 697 650 evolve
716 595 815 664 locum,
835 594 883 649 ubi
903 595 992 663 docet,
1017 601 1136 666 quatuor
1155 615 1219 653 ver-

241 690 287 728 sus
308 671 334 726 in
354 669 500 726 Phoenicis
520 671 643 726 oratione
665 672 700 727 ab
715 671 877 726 Aristarcho
897 671 1023 728 sublatos
1044 689 1103 728 esse
1124 679 1153 728 et
1174 691 1217 729 re-

240 747 450 818 stituendos⁴⁷):
470 764 504 802 ne
524 747 552 800 hi
573 748 682 818 quidem
701 748 729 802 in
748 747 894 803 Eustethio
914 754 963 802 aut
975 748 1093 804 Scholiis
1113 755 1216 806 nostris

240 831 431 880 momorantur.
471 824 529 878 Iam
549 825 708 879 convocatis
728 825 845 892 cunctis,
866 824 913 894 qni
933 825 1103 882 coniectores
1123 827 1218 897 perhi-

240 902 338 958 bentur
354 907 383 956 et
401 903 562 971 interpretes
582 901 687 971 priscae
707 902 851 956 vetustatis
872 906 900 957 et
918 899 1007 956 lamae
1028 902 1171 972 sepultae,
1193 905 1218 959 si

239 995 333 1036 verum
353 995 440 1046 amaa,
467 977 592 1033 consulta
610 977 766 1046 nobiscum,
793 985 883 1032 utrum
903 978 941 1046 ie,
968 977 1015 1050 qui
1040 984 1083 1033 tot
1108 996 1215 1048 versus,

239 1055 312 1110 icrte
332 1071 450 1124 casuque
471 1053 506 1108 ad
525 1059 645 1108 nostram
666 1059 783 1109 aetatem
804 1054 923 1123 delatos,
949 1054 1011 1109 loco
1032 1055 1134 1124 morit,
1155 1063 1212 1125 ant,

239 1133 262 1186 si
281 1131 309 1186 id
330 1131 400 1205 forte
419 1125 447 1184 in
468 1127 629 1200 quibusdam
652 1130 761 1186 illorum
785 1137 848 1186 ante
873 1131 961 1200 ipsum
981 1131 1034 1187 iem
1054 1131 1215 1188 Zenodotus

239 1207 284 1262 vel
304 1207 352 1264 alii
371 1204 548 1276 fecerant⁴⁸)‚
574 1213 665 1262 utrum
693 1207 738 1278 qui
765 1207 792 1262 in
812 1207 932 1262 Homero
960 1208 999 1262 sic
1024 1209 1126 1264 versati
1151 1217 1216 1264 sunt

239 1285 318 1356 quasi
338 1284 500 1340 exsaciando
522 1289 549 1336 et
568 1283 707 1354 poliendo,
728 1285 834 1354 integra
848 1300 932 1353 opera
946 1284 1003 1338 cius
1018 1282 1135 1339 edidisse
1151 1302 1216 1356 que·

197 1423 200 1430 ⁴
239 1367 286 1416 ant
305 1360 401 1430 videri,
422 1378 455 1414 en
477 1360 579 1431 aliquid
599 1366 708 1431 praeter
728 1360 775 1416 illa
794 1360 933 1425 recidisse,
955 1359 1029 1430 quod
1050 1360 1131 1415 hodie
1152 1379 1217 1416 nns-

239 1454 321 1510 quam
341 1439 471 1508 supersit3
499 1436 614 1508 denique
635 1453 700 1490 num
719 1443 823 1492 textum
843 1437 888 1490 vel
907 1435 1056 1492 habeamus
1076 1438 1122 1492 vel
1141 1439 1217 1492 nori·

238 1531 298 1574 mus
318 1514 388 1570 adeo
408 1512 569 1568 Aristarcho
589 1514 765 1583 superiorem.
805 1513 914 1584 Quippe
934 1511 970 1568 ad
990 1513 1062 1567 hunc
1076 1513 1103 1568 in
1117 1513 1217 1584 primis

241 1596 378 1646 auctorem
393 1589 549 1646 referendas
564 1605 622 1645 esse
636 1589 730 1645 lituras
748 1591 825 1659 istas,
846 1589 949 1645 collata
968 1589 1038 1644 inter
1057 1606 1087 1644 ae
1108 1595 1135 1644 et
1148 1605 1217 1662 pen·

239 1667 322 1722 sitata
342 1666 432 1722 omnic.
451 1683 540 1720 rerum
560 1671 696 1721 momente
716 1667 823 1721 docent.
857 1665 961 1721 Verum
982 1665 1051 1720 istae
1072 1665 1171 1721 liturae
1183 1673 1217 1721 ut

241 1741 350 1797 detondi
365 1740 471 1814 possint
485 1759 588 1811 omnes,
610 1742 656 1812 (ac
677 1741 743 1797 mihi
763 1743 874 1814 quidem
894 1744 975 1798 etiam
989 1741 1134 1798 Phoenicis
1154 1759 1215 1798 ver-

240 1834 286 1874 sus
306 1819 382 1874 uncis
403 1817 477 1889 digni
496 1819 668 1887 videbantur,
688 1819 740 1874 nisi
760 1837 803 1874 mc
824 1819 948 1890 gravium
968 1823 996 1874 et
1016 1823 1159 1873 acutorum
1173 1819 1215 1872 vi·

239 1911 331 1949 rorum
351 1911 498 1949 consensus
520 1895 720 1967 deterruisset‚)
747 1896 856 1950 minime
880 1901 970 1950 tamen
995 1893 1145 1965 probabilis
1172 1902 1218 1952 est

241 1970 292 2026 illa
309 1970 464 2026 Aristarchi
484 1972 570 2040 ratio,
595 1973 663 2043 qua,
691 1973 714 2028 si
737 1972 805 2028 fides
832 1977 873 2026 est
892 1969 1053 2040 Athenaeo,
1078 1987 1161 2028 versu
1187 1971 1218 2027 in

238 2047 326 2103 Iliade
350 2047 440 2103 deleto
466 2048 627 2104 sententiam
646 2049 796 2119 pervertit,
821 2048 992 2119 eundemque
1014 2055 1126 2103 versum
1153 2065 1215 2103 cum

239 2129 358 2196 quatuor
377 2123 438 2180 aliis
458 2124 546 2179 alieno
567 2125 628 2179 loco
648 2125 787 2180 transtulit
806 2125 833 2180 in
853 2122 1060 2197 odysseame).
1091 2123 1216 2180 Tametsi

241 2251 445 2263 *uu—-

237 2300 371 2370 Euripidis
389 2300 450 2421 (Ἔν
467 2299 526 2351 κατ’
543 2293 691 2368 Εὐριπίδην
716 2295 830 2365 ἔκδοσίν)
854 2299 938 2356 roien-t.
973 2299 1052 2368 Atqui
1076 2299 1119 2351 hio
1138 2299 1216 2350 linri-

236 2370 309 2438 pides
327 2369 396 2422 hand
432 2368 490 2420 nhie
509 2367 530 2420 is
549 2376 596 2429 eet,
615 2383 691 2435 quem
709 2369 782 2436 tetigi
800 2384 840 2434 cp.
857 2367 1019 2422 Xlrsubfin.
1049 2367 1090 2420 An
1103 2367 1161 2420 deni
1182 2383 1220 2420 ue

236 2441 277 2492 illi
295 2454 391 2499 verena,
410 2437 454 2506 qni
473 2455 489 2489 a
505 2435 701 2502 Megarensibus
719 2437 747 2488 in
766 2437 860 2488 celebri
878 2438 1039 2489 contentione
1062 2436 1145 2488 fraudi
1164 2386 1215 2488 go·

236 2507 302 2560 lonis
320 2509 511 2574 opponebantur
528 2520 574 2572 pro
594 2504 679 2558 Gaul.
698 2505 738 2560 65.
757 2504 839 2572 (558.)
862 2522 906 2572 ap.
932 2503 1010 2558 Strab
1032 2503 1079 2556 lx.
1103 2522 1130 2571 p.
1152 2504 1214 2559 394.

236 2573 318 2643 (604.)
336 2590 448 2641 unquam
471 2571 589 2624 venerint
613 2573 639 2624 in
665 2575 759 2640 scripta
782 2571 954 2641 exemplaria,
978 2572 1088 2624 dubitari
1110 2573 1216 2624 lostam

236 2642 304 2698 licet.
342 2643 393 2694 Sed
412 2640 480 2708 quod
498 2657 542 2693 eos
560 2641 637 2694 hodie
654 2657 706 2693 non
724 2645 751 2693 in
770 2641 860 2694 ordine
877 2642 1002 2710 legimus,
1027 2641 1071 2692 six
1093 2640 1138 2692 alii
1157 2639 1216 2692 cti-

235 2713 286 2764 tioo
303 2709 410 2762 debetur
428 2727 504 2776 quam
522 2709 675 2762 Aristarcho.

303 2795 337 2860 ⁴⁷)
354 2794 394 2846 De
412 2792 470 2845 and.
488 2795 573 2862 poetis
597 2813 622 2862 p.
641 2796 682 2851 26.
700 2795 730 2846 l'.
762 2791 788 2845 Ὁ
811 2787 906 2853 Φοῖνιξ
921 2793 964 2848 διὰ
987 2793 1038 2864 τὴν
1063 2793 1212 2846 παλλακίδα

235 2862 395 2932 κατάρατος
412 2860 463 2913 ὑπὸ
480 2863 532 2913 τοῦ
550 2862 656 2931 πατρὸς
676 2861 842 2932 γενόμενος,
868 2857 930 2914 Τὸν
954 2861 1017 2926 μὲν
1042 2861 1124 2932 ἐγὼ,
1187 2859 1216 2914 ei

235 2950 259 2986 κ.
277 2947 299 2984 τ.
318 2929 341 2982 l.
373 2927 400 2982 ‘0
416 2929 466 2994 μὲν
482 2927 664 3002 Ἀρίσταρχος
686 2928 808 2989 ἐξεῖλε
830 2933 941 2984 ταῦτα
963 2929 1005 2983 τὰ
1028 2927 1089 3000 ἔπη
1113 2947 1156 2998 φο
1187 2947 1215 3000 η-

237 2999 381 3058 deiecto.
415 2999 558 3056 11.ae.458.
577 3017 633 3069 sqq.

304 3085 337 3152 ⁴¹)
355 3085 413 3138 Hoc
429 3085 554 3138 Kuaterus
572 3085 719 3153 opponebat
736 3085 874 3154 Giphanio,
892 3085 989 3138 Hister.
1013 3083 1067 3138 orit.
1085 3081 1162 3136 llum.
1178 3081 1218 3145 11,

235 3157 262 3216 b,
278 3155 303 3210 3.
339 3153 391 3207 Sed
408 3161 497 3206 neuter
513 3170 615 3206 cansam
634 3170 789 3222 cognoscere
806 3157 891 3222 potuit
902 3161 956 3206 tum
968 3159 1071 3222 propter
1081 3153 1219 3220 parandam.

235 3221 449 3358 “ammaim
467 3287 512 3344 IV.
531 3307 590 3358 pag.
610 3289 668 3346 180.
687 3307 742 3357 seq.
761 3307 811 3360 quo
829 3289 889 3342 loco
913 3288 1001 3342 nullus
1026 3295 1066 3340 est
1088 3289 1218 3351 omnium,

236 3357 280 3426 qni
297 3366 356 3412 sunt
373 3357 406 3410 de
422 3358 577 3421 Aristarcho,
595 3359 792 3411 memorabilior.
821 3359 982 3426 Quapropter
999 3372 1077 3423 saepe
1094 3371 1152 3409 som
1164 3359 1216 3409 mi·

235 3434 490 3562 itlt’dildlll
507 3425 1218 3562 titiiii‘itriiilit‘tlslitistieit:
