2702 4124
521 326 712 385 ..37-

123 489 193 546 aclis
213 490 344 547 Romanis
368 489 553 560 tribuatur24),
580 507 612 544 ac
639 489 662 544 si
683 491 726 544 cni
746 488 819 544 forte
838 489 959 559 placebit
979 489 1037 544 eius
1057 505 1103 545 co-

125 567 200 638 piam
219 569 352 638 praebere
379 568 464 634 Mosi,
489 574 521 620 ut
545 567 604 636 ipse
629 565 846 621 Pentateuchum
873 565 1048 636 contexant),
1069 581 1104 621 nc
1145 631 1147 635 Ι

124 644 237 698 linteam
263 645 371 714 quidem
392 643 480 699 Iliada
498 644 578 697 nobis
599 643 753 712 confingere
772 643 845 697 licet.
891 643 991 712 Itaque
1011 643 1103 698 admo·

124 721 192 774 dum
213 721 378 774 inconditam
398 728 483 776 artem
505 721 635 778 mansisse
656 726 772 789 apparet
791 725 819 773 et
838 719 1005 773 rarissimum
1023 736 1103 774 usum

124 797 195 860 eius,
217 801 363 866 antequam
383 814 443 852 eam
462 797 490 851 in
511 797 601 850 ovillis
621 798 666 853 vel
686 795 804 865 caprinis
824 794 940 864 pellibus
954 795 1104 865 procedere

126 871 347 926 animadversum
367 880 433 928 erat.
454 873 487 927 Id
508 879 600 927 autern
620 877 655 930 ab
670 872 782 926 Ionibus
795 871 950 925 institutum
962 871 1103 926 luculento

125 949 201 1016 loco,
222 965 303 1018 quem
329 951 475 1020 aliquoties
506 953 669 1018 memoravi,
702 948 786 1002 refert
811 945 985 1017 Herodotus3
1017 965 1105 1018 eaque

125 1024 181 1078 fnit
204 1041 258 1078 una
278 1043 336 1094 res,
364 1044 435 1096 quae
455 1026 605 1083 scribendis
630 1025 707 1082 libris
736 1024 968 1094 opportunitatem
989 1023 1105 1078 haberet

124 1100 309 1170 antiquiorem
328 1103 444 1157 fortasse
464 1120 579 1173 papyro.
610 1104 682 1160 Nam
702 1101 777 1170 quod
797 1100 869 1154 idem
889 1107 970 1154 aucta
989 1100 1103 1154 mentio-

124 1193 190 1231 nem
215 1177 280 1232 iacit
314 1186 465 1233 cenaturum
490 1179 697 1250 tabularumw),
729 1193 762 1232 cx
785 1177 827 1230 his
859 1183 932 1230 certe
964 1175 1104 1230 volumina

122 1260 155 1308 et
174 1253 239 1307 libri
260 1255 355 1309 confici
375 1257 450 1310 nullo
470 1262 552 1326 pacto
572 1260 728 1327 potuerunt.

555 1431 661 1508 XVI.

205 1583 246 1639 At
265 1603 340 1657 vero,
362 1588 385 1640 si
407 1586 452 1641 diu
473 1595 535 1646 ante
557 1588 679 1642 chartam
691 1589 889 1658 Pergamenum
908 1587 1004 1640 radere
1018 1584 1103 1655 pelles

124 1669 156 1718 et
175 1662 211 1716 ad
230 1662 403 1717 scribendum
422 1670 517 1733 aptare
538 1666 629 1734 coepit
649 1667 735 1733 Ionia,
756 1665 883 1735 idemque
904 1663 1032 1733 populus,
1055 1661 1103 1730 qui

124 1738 230 1810 primus
252 1737 378 1793 Carmina
401 1741 562 1810 perpolivit,
592 1743 788 1811 expeditiorem
807 1741 948 1795 materiam
967 1737 1104 1792 scribendi

125 1821 295 1870 commentus
316 1823 370 1884 est,
393 1817 458 1886 quid
480 1818 647 1886 quaerimus,
674 1818 754 1887 quale
776 1835 862 1887 genus
883 1833 973 1869 rerum
993 1831 1104 1868 exaran-

123 1893 169 1946 dis
190 1891 246 1945 suis
268 1891 438 1946 Carminibus
458 1895 598 1962 usurparit
619 1901 695 1947 vates
717 1892 846 1948 Ionicus?
868 1892 1006 1945 Videlicet

286 1964 354 2016 oica
372 1967 452 2017 πώεα
469 1966 537 2017 καλὰ
554 1967 598 2018 καὶ
616 1966 725 2018 αἰπόλια
743 1965 837 2017 πλατέ’
855 1964 947 2032 αἰγῶν.

124 2037 270 2092 Vellemus
291 2037 477 2092 tantummodo
499 2040 526 2092 id
547 2039 691 2093 adiecisset
711 2039 884 2103 Herodotus,
905 2053 959 2105 quo
981 2041 1104 2106 tempore

125 2131 161 2168 ea
181 2114 350 2167 consuetudo
376 2116 473 2168 Ionum
493 2114 659 2185 frequentari
685 2115 814 2185 coeperit.
861 2113 1025 2182 Quanquam
1048 2129 1105 2167 non

124 2190 237 2244 videtur
263 2190 345 2244 valde
365 2191 539 2261 frequentata
563 2192 661 2256 luisse,
689 2193 711 2244 si
738 2191 848 2261 quidem
873 2189 1000 2243 facillime
1022 2189 1103 2242 cessit

124 2265 238 2320 chartae
258 2283 438 2336 papyraceae.
480 2267 625 2322 Enimvero
646 2268 731 2336 illurn,
753 2269 775 2320 si
796 2267 878 2320 modo
896 2266 965 2319 aliae
985 2267 1104 2320 rationes

123 2343 247 2409 siverint,
272 2360 326 2394 nou
347 2344 445 2413 cupide
465 2343 712 2414 interpretabimur,
743 2344 765 2397 si
795 2344 867 2395 lrunc
887 2359 966 2395 usum
991 2341 1105 2411 pellium

121 2418 178 2473 sub
200 2418 334 2487 epocham
354 2419 547 2490 Olympiadum
577 2422 718 2473 inductum
748 2419 904 2484 credamus,
940 2425 968 2471 et
988 2418 1104 2486 petitum

121 2495 160 2548 ab
183 2493 378 2562 Orientalibus,
400 2495 472 2566 apud
495 2514 573 2566 quos,
594 2503 625 2549 ut
645 2497 712 2550 alias
734 2495 866 2565 quasdam
887 2494 1018 2547 barbaras
1038 2510 1103 2561 gen-

121 2577 176 2637 tes,
198 2571 312 2625 invaluit
321 2573 429 2640 penitus
440 2577 467 2625 et
479 2572 628 2626 diutissime
638 2573 738 2642 uiguit.¹
775 2571 829 2624 Sed
842 2577 873 2624 ut
895 2570 962 2622 illud
983 2585 1104 2637 sumpse·

122 2647 171 2713 ris,
193 2647 316 2715 quodie
337 2648 427 2703 lacere
454 2655 552 2718 cogent
579 2649 685 2702 collecti
707 2648 804 2702 calculi
825 2647 932 2715 reliqui,
957 2651 1049 2699 tamen
1068 2661 1103 2698 ne

121 2729 190 2777 tunc
212 2723 322 2792 quidem
337 2725 490 2794 expeditam
505 2742 561 2778 rem
576 2732 603 2779 et
617 2725 759 2796 vulgarem
776 2725 877 2777 factam
891 2739 959 2790 esse,
981 2722 1101 2792 ipsarum

193 2900 227 2966 ²⁴)
246 2903 291 2953 Sic
309 2902 423 2968 intellige
441 2901 520 2952 Plinii
537 2902 554 2952 l.
573 2902 600 2963 l.,
618 2919 668 2968 quo
692 2903 732 2952 usi
751 2917 838 2951 eamus
861 2899 888 2948 in
911 2897 950 2949 bis
975 2899 1103 2957 omnibus,

120 2987 190 3038 quae
210 2971 241 3021 de
259 2971 433 3021 instrumentis
445 2970 541 3036 priscae
554 2971 692 3035 scripturae
704 2971 871 3035 disputamus.
899 2967 1020 3034 Reliquos
1033 2967 1104 3016 locos

121 3039 321 3158 Eialqssdqttriqztet
337 3038 479 3106 singulares
498 3038 576 3089 libros
594 3039 703 3089 virorum
726 3038 870 3099 doctorum,
891 3044 970 3086 testes
993 3034 1104 3099 excitare

124 3262 174 3316 136
193 3190 227 3312 ’3
245 3193 391 3316 Ἶίάἕιὲηθ
413 3194 503 3246 ceteris
521 3191 669 3270 Eiebbornii
692 3192 789 3242 Introd.
808 3191 834 3241 in
852 3190 883 3243 V.
903 3189 973 3241 Test.
991 3187 1021 3238 Τ.
1037 3186 1058 3236 Ι.
1078 3203 1104 3252 p.

175 3299 182 3314 .
228 3298 233 3311 .
253 3279 279 3326 p.
350 3299 357 3312 ·

192 3345 227 3413 ε3)
245 3347 303 3402 Vll,
321 3354 382 3397 extr.
400 3349 428 3397 in
450 3345 556 3396 historia
576 3346 719 3405 Demarati,
742 3343 810 3410 regis
834 3342 1023 3409 Spartanorum.
1051 3338 1103 3388 Sed

122 3416 187 3466 illud
206 3417 243 3465 ibi
266 3432 317 3466 non
341 3416 415 3466 affert
439 3423 467 3464 ut
489 3430 593 3464 novum.
630 3412 718 3463 Geram
742 3420 827 3462 autem
852 3411 928 3460 etiam
946 3411 972 3458 in
990 3406 1103 3473 pellibus

123 3484 263 3534 adhibitam
281 3500 339 3534 esse
357 3501 372 3535 a
390 3483 499 3550 Cypriis,
518 3483 651 3547 ingeniose
669 3481 775 3531 coniecit
792 3477 934 3529 Hemsterlr.
953 3477 986 3526 ad
999 3475 1103 3528 Pollae.

123 3552 156 3602 X.
174 3569 200 3619 p.
222 3552 297 3605 1214.
