2694 4116
609 255 819 310 -168—

228 413 449 471 commoditatem
467 413 660 470 sonandarum
673 413 800 470 terendos
813 429 959 468 censerem.
989 412 1138 468 Difficilior
1151 414 1210 468 erit

228 492 350 548 defensio
370 491 501 545 audaciae
520 497 629 546 nostrae
650 491 677 546 h.
699 507 724 546 e.
744 489 938 544 Aristarcheae
956 489 984 542 iu
1002 504 1031 549 aa
1052 489 1206 543 lib—181.

228 573 324 625 contra
337 566 424 634 Pium,
445 567 492 637 qui
505 567 635 621 nonnulla
647 566 718 622 hena
731 568 854 637 opponit,
875 581 964 636 neque
982 573 1075 620 tamen
1094 566 1125 620 id
1148 567 1212 622 effi·

228 646 274 713 cit,
295 649 327 697 ut
345 643 404 697 istis
424 643 548 698 versibus
568 644 629 713 plus
648 642 713 697 fidei
733 643 882 698 habeamus
903 658 984 712 quam
997 642 1135 697 similibus
1148 643 1210 697 illis

227 735 254 768 0·
271 719 330 774 456.
343 736 404 790 sqq.
412 718 457 789 ⁶¹).
480 718 561 775 Aliae
574 715 725 785 ἀθετήσεις
737 721 795 774 eius
808 719 952 773 traduntur
965 736 1092 774 versuum
1107 715 1135 768 δ.
1147 719 1212 772 117.

227 790 254 851 6-
272 795 331 849 600.
355 810 377 844 ο.
395 797 541 851 tta-451.
562 801 589 851 et
609 796 668 850 712.
686 811 713 844 σ.
731 796 877 850 444-le.
897 810 928 843 w·
946 793 1006 848 556.
1022 793 1082 849 557.
1119 797 1211 852 Deui-

228 889 281 943 que
307 871 428 927 notabile
455 879 497 926 est
521 873 550 926 in
573 873 683 942 primis,
709 873 784 943 quod
810 873 944 928 mirantur
964 871 1144 928 Grammatiei
1170 871 1212 926 ad

227 962 255 1014 ρ.
274 948 346 1017 lta,
380 947 452 1002 hunc
477 965 586 1004 versum
610 948 645 1003 ab
672 950 720 1004 illo
747 948 804 1003 sine
829 957 896 1004 nota
920 950 1107 1004 transmissum
1135 965 1211 1015 esse,

228 1042 311 1095 qaum
324 1024 400 1092 talia,
421 1042 491 1094 quae
510 1027 564 1079 vim
585 1027 734 1080 sententiae
753 1025 904 1080 minuerent
918 1026 1114 1096 restringendo,
1135 1027 1206 1080 obe·

227 1103 260 1154 lis
281 1101 388 1170 signare
407 1101 634 1171 coaweoiaaetffi).
668 1102 731 1172 Quo
751 1119 805 1155 uno
826 1121 859 1157 ex
878 1101 939 1156 loco
960 1103 1026 1156 satis
1047 1108 1210 1172 appareret,

229 1177 334 1231 etiarnsi
355 1177 438 1230 ceteri
458 1195 551 1232 ornnes
572 1179 706 1246 deessent,
723 1179 912 1234 Aristarchum
932 1179 1017 1234 multo
1037 1178 1118 1249 plura
1140 1173 1208 1226 ἀθε·

229 1252 319 1316 tricae
345 1269 426 1322 quam
447 1254 545 1323 quibus
571 1271 670 1309 nomen
695 1256 753 1310 eius
778 1256 934 1324 appositum
960 1261 1011 1310 est.
1057 1254 1153 1324 Atque
1179 1255 1211 1308 iu

229 1328 355 1399 Odyssea
375 1328 484 1397 quidem
505 1349 560 1385 non
579 1331 688 1386 memini
706 1331 758 1386 nisi
777 1333 858 1385 unius
877 1348 986 1399 versus,
1007 1332 1042 1386 ab
1063 1347 1096 1385 eo
1119 1331 1210 1385 nomi-

228 1404 312 1458 natim
332 1400 529 1469 ἀθετουμένσυ,
546 1403 577 1468 β.
597 1407 664 1469 137..
684 1424 766 1476 quem
790 1415 866 1464 certe
892 1407 986 1462 durior
1006 1408 1107 1478 ellipsis
1126 1407 1210 1461 verbi

230 1480 397 1536 substantivi
421 1501 516 1554 parum
545 1484 682 1540 defendat.
722 1486 800 1538 Haec
819 1485 890 1539 enim
909 1485 969 1554 ipsa
988 1483 1210 1553 interpolationis

229 1573 311 1610 eausa
331 1575 391 1613 esse
409 1563 508 1629 potuit,
528 1568 560 1614 ut
579 1560 614 1615 ΙΙ.
635 1575 661 1626 η.
680 1559 738 1614 353.
758 1562 857 1613 6416.
883 1567 909 1614 et
934 1561 961 1614 in
989 1561 1049 1614 aliis
1070 1559 1205 1613 versibus.

229 1631 357 1687 Ceterum
378 1637 458 1690 etiam
480 1638 589 1691 obelum
610 1638 701 1707 posuit
722 1654 783 1692 eum
802 1638 932 1692 asterisco
953 1638 1135 1702 coniunctum,
1157 1635 1209 1688 du·

228 1707 330 1778 plicata
350 1719 414 1766 nota
440 1713 608 1784 significans,
635 1731 685 1768 suo
712 1715 823 1784 quidem
848 1715 909 1767 loco
934 1714 1073 1784 egregium
1098 1728 1208 1766 versum

229 1799 298 1853 esse,
319 1789 368 1842 sed
388 1789 476 1843 alieno
498 1791 560 1844 loco
582 1791 669 1845 minus
690 1797 764 1845 reete
784 1791 938 1860 repetitum.
972 1789 1062 1859 Quam
1083 1789 1120 1842 ob
1140 1805 1207 1841 cau-

229 1876 286 1913 sam
300 1865 397 1933 partim
413 1865 557 1922 arverna
579 1880 605 1914 a.
623 1866 683 1919 366.
702 1884 762 1936 sqq.
778 1885 827 1936 pro
842 1866 1012 1936 interpolatis
1026 1865 1114 1920 habiti
1128 1872 1208 1932 sunt3

228 1953 370 2006 perperam
391 1959 454 1996 sane
475 1942 523 2010 illi,
544 1948 575 1996 ut
594 1943 641 1995 alii
655 1943 733 1996 multi
747 1943 867 1997 eiusdem
882 1949 971 1997 notae.
1003 1942 1100 2011 Neque
1114 1948 1209 1994 tamen

229 2011 341 2068 dubium
362 2025 412 2085 est,
433 2019 497 2087 quin
517 2019 665 2072 similitudo
686 2018 820 2088 quaedam
839 2019 962 2072 locorum
975 2019 1112 2072 interdum
1127 2033 1208 2070 ocea-

229 2088 332 2145 sionem
353 2093 458 2148 dederit
478 2095 601 2150 versibus
622 2097 713 2163 inepte
736 2095 874 2149 iterandis.
909 2095 963 2148 Sed
986 2094 1020 2148 de
1033 2093 1077 2146 his
1090 2093 1209 2161 aliisque

229 2164 384 2237 diligentius
405 2171 550 2240 disputabo
571 2173 597 2224 in
617 2172 703 2225 altere
722 2177 800 2240 parte
820 2171 901 2226 huius
919 2170 998 2238 libri,
1020 2171 1047 2223 in
1067 2184 1122 2238 qua
1142 2169 1207 2221 unci

228 2243 293 2296 mihi
314 2247 366 2299 mei
386 2246 549 2300 defendendi
570 2255 657 2305 erunt.

308 2575 386 2631 Nunc
416 2577 496 2631 uobis
521 2595 590 2632 unus
617 2584 703 2632 restat
729 2595 743 2632 e
765 2577 872 2632 criticis
891 2577 1085 2642 nobilioribus,
1111 2571 1209 2630 crates

231 2649 372 2718 Mallotes,
395 2654 441 2722 qui
461 2672 479 2709 a
500 2655 630 2724 singulari
650 2655 741 2709 studio
762 2659 861 2725 potitae
875 2653 1037 2708 Homericus
1053 2651 1141 2706 dietus
1155 2661 1207 2720 ast,

230 2726 384 2781 Aristarchi
406 2730 478 2783 idem
494 2732 616 2784 aemulus
630 2737 658 2784 et
671 2732 842 2785 adversarius
857 2727 1055 2798 acerrimue⁶³).
1086 2729 1114 2782 Ie
1128 2726 1210 2782 scho-

229 2875 429 2886 Ἣ

299 2941 331 3005 ⁶¹)
349 2940 416 2993 Vide
433 2957 513 3008 supra
530 2958 570 3008 ep.
588 2941 671 2994 XXX.

299 3023 488 3092 62)Μεμειίυκε
513 3027 561 3096 τὴν
586 3024 710 3092 ἔμφασιν.
752 3020 814 3076 Καὶ
835 3025 875 3077 τὰ
899 3026 1045 3077 τοιαῦτα
1076 3021 1207 3074 εἴωθεν

188 3159 190 3164 Ι
231 3093 657 3164 ἀθετεῖνὸἈρίσταρχος.

299 3180 331 3247 ⁰³)
350 3181 444 3232 Suidas
463 3197 531 3233 voco.
553 3173 665 3248 Κράτης
688 3189 714 3232 et
728 3177 862 3248 Ἀρίσταρ
881 3196 918 3238 σς.
954 3180 1004 3231 lllo
1027 3179 1083 3230 loeo
1106 3177 1131 3228 ei
1157 3179 1205 3228 tri-

229 3248 314 3300 buitur
332 3247 374 3299 διό
396 3248 482 3307 dorae<
497 3245 608 3306 Ἰλιάδος
624 3246 668 3299 καὶ
683 3245 839 3306 Ὀδυσσείας
868 3246 1014 3312 νβιβλίοις
1026 3242 1062 3308 θ’,
1075 3243 1119 3296 καὶ
1130 3239 1205 3296 dila

170 3327 172 3332 ’
230 3318 260 3368 In
278 3318 318 3368 his
336 3267 427 3376 ilibus
443 3321 555 3382 luerunt,
574 3324 602 3368 ut
619 3319 717 3383 opinor,
737 3316 810 3383 plura
827 3318 861 3368 ad
878 3317 1010 3368 historiam
1030 3323 1055 3366 et
1067 3314 1206 3366 doctrinam

249 3388 362 3437 o'dtarum
385 3387 550 3454 pertinentia,
579 3393 604 3436 et
628 3401 691 3452 opus
715 3383 779 3452 περὶ
801 3386 852 3451 τῆς
877 3382 999 3452 Ἀττικῆς
1021 3380 1159 3433 διαλέκτου
1184 3398 1205 3432 s.

165 3510 168 3514 ,
230 3402 343 3516 dieseos,
363 3457 437 3506 euius
455 3457 570 3521 quintum
588 3453 682 3504 librum
700 3456 794 3504 excitat
810 3454 905 3504 Athen.
923 3451 968 3504 XI.
987 3469 1013 3520 p.
1031 3453 1090 3540 4973
1107 3448 1137 3504 F.
