2702 4124
664 313 855 368 ..53-

277 471 403 528 scendum
424 471 508 526 vitam
527 475 633 537 ἀοιδῶν,
654 475 750 541 utpote
772 487 887 542 quorum
906 472 934 526 in
952 471 1042 526 locum
1057 471 1097 544 illi
1110 489 1250 528 successe·

277 554 348 615 runt,
370 565 457 618 pauca
477 549 555 604 nobis
577 549 610 603 de
629 546 727 617 insigni
747 548 841 603 ordine
855 548 969 604 diruenda
986 555 1057 617 sunt,
1078 549 1248 620 maximeque

278 641 318 693 ea,
340 623 373 679 de
394 625 493 694 quibus
512 625 563 680 viri
577 625 651 680 docti
665 624 755 679 edhuc
768 625 856 681 minue
869 626 993 680 sollerter
1006 625 1194 680 existimarunt
1202 624 1248 696 ⁸⁰).

686 798 829 874 XXIII.

352 959 422 1014 Num
443 977 475 1014 ex
495 959 542 1027 iis,
566 975 636 1027 quas
656 978 672 1012 a
692 957 824 1013 Selmueio
845 964 873 1012 et
892 959 953 1012 aliis
974 958 1111 1030 disputata
1131 963 1195 1012 eunt
1214 955 1248 1013 de

276 1035 435 1106 rhapsodis‚
460 1052 514 1090 non
536 1035 706 1106 intelligitur,
736 1052 828 1090 eorum
849 1035 1018 1104 potissimum
1038 1052 1119 1100 curae
1145 1035 1248 1102 deberi,

277 1112 351 1182 quod
373 1113 453 1167 etism
473 1128 545 1165 nunc
558 1111 706 1166 Homerica
726 1117 881 1178 tractamus,
901 1118 1013 1182 arteque
1026 1111 1191 1182 rhapsodice
1204 1129 1248 1166 ec·

276 1189 344 1243 tioni
359 1188 526 1243 Graecorum
547 1190 627 1256 omni,
648 1195 676 1242 et
689 1189 812 1242 scenicae
827 1193 854 1242 et
868 1189 1012 1256 oratoriae,
1032 1189 1104 1242 viem
1118 1189 1248 1242 munitam

276 1282 337 1320 esee
345 1263 395 1335 61);
415 1266 496 1318 immo
517 1265 581 1332 hoe,
602 1282 671 1335 quos
691 1265 822 1334 insignem
846 1265 967 1320 ordinem
987 1265 1112 1336 appello,
1139 1281 1190 1334 pro
1210 1264 1248 1319 le·

194 1366 198 1374 ·
276 1341 391 1396 vissimie
411 1341 565 1396 hominibus
586 1342 726 1396 habendos
746 1343 824 1396 multi
849 1341 1000 1396 docuerunt
1026 1359 1059 1397 ex
1077 1340 1197 1396 Platone
1221 1347 1249 1394 et

276 1417 468 1488 Xenophonte.
508 1418 561 1472 Sed
586 1417 631 1472 hic
657 1419 757 1488 primus
783 1425 825 1474 est
851 1435 886 1472 ex
910 1418 996 1472 tribus
1023 1417 1175 1482 erroribus,
1202 1418 1248 1488 qui
1331 1449 1332 1498 ῳ

277 1493 357 1548 huius
378 1494 416 1550 rei
436 1495 577 1549 veritatem
591 1501 757 1565 pervertunt,
779 1495 853 1566 quod
866 1495 972 1565 priscae
986 1495 1040 1549 illis
1054 1501 1137 1563 etque
1151 1493 1247 1548 Socra·

277 1570 347 1625 tione
374 1572 471 1626 aetatis
496 1570 614 1625 rationes
641 1572 850 1626 confunduntur.
895 1569 1019 1626 Alterum
1046 1587 1165 1625 errorem
1196 1571 1248 1624 ism

277 1647 413 1702 sublatum
437 1655 519 1733 pluto,
546 1664 600 1720 quo
627 1665 660 1702 ex
685 1649 755 1703 feles
780 1648 918 1704 notatione
938 1649 1053 1703 nominis
1070 1643 1248 1721 ῥαψῳδοῦθῖ)

279 1773 481 1782 -..ξ-,-

345 1820 378 1888 ⁰⁰)
397 1819 499 1886 Optime
517 1817 549 1869 de
566 1818 597 1869 ils
616 1827 718 1885 putatur
736 1817 866 1884 scripsisse
885 1818 911 1869 S.
930 1818 959 1869 1⁴¹.
977 1817 1111 1883 Dresigius
1128 1818 1155 1868 in
1169 1818 1247 1870 Com-

277 1899 353 1941 ment.
377 1889 444 1956 [ripe.
472 1888 550 1944 1734.
573 1890 598 1942 4.
634 1887 668 1938 Fu
690 1903 755 1953 quae
779 1887 880 1952 quidem
903 1903 978 1936 manu
1001 1886 1103 1952 congeri
1122 1893 1248 1952 poterent,

276 1961 406 2024 congessit
422 1957 466 2007 ille
484 1956 605 2023 pleraque
622 1957 720 2015 omnis;
739 1955 784 2006 sed
803 1955 923 2006 iudicium
940 1971 1023 2005 rerum
1041 1954 1127 2005 lectori
1138 1954 1248 2020 reliquit.

277 2026 333 2076 Hoc
356 2027 402 2144 qqi
429 2026 538 2091 quaerit,
565 2025 639 2076 adeat
661 2025 749 2076 saltem
773 2024 863 2075 Gillias
887 2023 988 2089 History
1012 2021 1040 2073 oi
1070 2023 1168 2074 Greece
1192 2022 1248 2073 Vol.

277 2096 296 2146 1.
315 2110 339 2148 c.
393 2134 399 2145 .

345 2178 379 2242 ⁶¹)
397 2177 458 2228 Inde
477 2174 672 2243 ὑποκρίνεσθαι
690 2194 766 2243 saepe
790 2178 884 2229 dIcitur
902 2176 933 2227 de
956 2183 1032 2228 centu
1056 2176 1248 2243 rhspsodorum

277 2247 376 2313 ipsique
395 2242 538 2313 ὑποκριταὶ
556 2242 628 2294 ἐπῶν
647 2253 767 2296 vocantur
784 2254 837 2297 tum
855 2263 871 2296 s
888 2245 1096 2312 Lexicographis,
1119 2244 1247 2310 Hesychio

277 2325 304 2367 et
322 2315 433 2374 Timaeo,
451 2324 503 2365 tum
521 2331 537 2364 e
554 2313 657 2364 Diodor.
677 2313 728 2364 Sic.
746 2314 814 2376 XIV,
840 2317 896 2370 109.
915 2314 972 2376 XV,
992 2316 1016 2368 7·
1051 2313 1141 2363 Plures
1164 2322 1247 2364 eutem

275 2380 427 2454 ῥαψῳδοὺς
443 2392 469 2433 et
486 2380 646 2449 ὑποκριτάς,
662 2380 804 2450 ῥαψῳδίαν
824 2391 849 2433 et
868 2380 1015 2449 ὑπόκρισιν,
1034 2391 1062 2431 ut
1079 2381 1186 2442 diversa,
1203 2398 1246 2446 po-

276 2463 349 2514 nunt,
368 2469 415 2502 usu
433 2450 514 2517 magis
531 2451 639 2517 proprio.
675 2451 780 2516 Proprie
798 2451 865 2502 enim
889 2450 919 2502 τὸ
941 2447 1082 2519 ῥαψῳδεῖν
1105 2449 1138 2499 sd
1161 2450 1246 2500 omnia

275 2538 369 2588 genera
387 2521 532 2570 Carminuur
550 2519 680 2584 pertinuit,
700 2536 715 2570 a
733 2519 826 2586 quibus
845 2536 902 2570 vera
918 2519 981 2570 actio
1000 2519 1115 2578 abesset,
1139 2519 1157 2569 i.
1177 2533 1198 2567 e.
1217 2533 1246 2567 ea

277 2607 328 2659 qua
346 2589 424 2640 etiam
442 2597 524 2639 orator
541 2595 618 2638 curet.

345 2673 377 2739 ⁰²)
396 2670 477 2740 Παρὰ
495 2671 527 2723 τδ
545 2670 661 2740 ῥάπτειν
681 2669 768 2740 ᾠδήν,
787 2688 946 2723 consueras.
965 2678 1111 2722 connectere
1127 2670 1244 2720 Carmen.

277 2745 348 2806 Quae
366 2742 468 2808 quidem
484 2759 542 2792 vers
559 2750 599 2792 est
616 2740 781 2808 etymologis,
805 2740 850 2791 sed
867 2757 898 2790 ex
916 2743 1086 2806 antiquiorum
1103 2748 1245 2805 temporum

276 2809 378 2892 ingenio
396 2809 592 2891 interpretenda.
622 2810 729 2891 ‘Qqupe
747 2810 817 2860 aliud
834 2817 880 2867 est,
899 2810 1013 2859 breviora
1030 2807 1245 2925 Carminapmdodo

276 2879 424 3006 gqhqudrpq
437 2878 1246 3014 Ιδιδῳδχιιιδδθτιτνῗιδιιδιῐδορδιῳιὴρνωιιδδδδνῃεειῦεῖωιδὶίιδθδιιιιηιδδιινιιιηιοιιιιδ-ι

276 3032 357 3066 suere.
394 3012 471 3074 Quod
488 3031 545 3066 vero
563 3014 603 3064 his
628 3015 759 3080 postremis
783 3013 893 3064 saeculis
916 3012 1017 3064 fuerunt
1039 3013 1085 3063 riri
1109 3011 1183 3070 docti¹
1202 3009 1245 3078 qui

275 3081 407 3152 ῥαψῳδὸν
426 3091 500 3148 atque
518 3082 628 3150 ποιητὴν
653 3083 710 3148 ipse
733 3083 756 3133 vi
779 3081 886 3132 nominis
909 3081 1016 3132 eundem
1040 3087 1159 3150 putarent
1181 3094 1245 3140 esse,

276 3152 340 3203 salse
358 3153 416 3202 illos
433 3151 550 3217 analogia
568 3151 667 3202 fefellit.
702 3149 760 3201 Non
778 3151 846 3201 enim
863 3146 978 3218 ῥάπτειν
997 3158 1040 3200 aut
1062 3145 1185 3217 ὑφαίνειν
1209 3149 1245 3197 its

276 3221 307 3272 de
325 3219 504 3286 componendis
522 3223 637 3270 versibus
655 3221 704 3270 dici
722 3219 793 3280 solet,
812 3225 840 3268 ut
857 3219 888 3269 de
906 3219 1032 3269 struendis
1053 3217 1117 3268 dolis
1142 3224 1167 3268 et
1184 3231 1244 3266 oon·

276 3290 349 3341 elliis.
385 3287 540 3338 Adversatur
557 3288 632 3338 etiam
649 3288 773 3338 Pindarus
790 3286 863 3338 Nem.
880 3285 927 3347 11„
945 3287 988 3337 ubi
1006 3287 1201 3354 ignavissimum
1219 3283 1244 3332 iu

275 3358 323 3408 illa
340 3352 436 3408 rstioue
449 3356 576 3418 epitheton
589 3365 657 3408 esset
667 3357 693 3407 iu
706 3357 796 3416 verbis,
812 3355 925 3424 ῥαπτῶν
938 3352 1026 3405 ἐπέων
1039 3351 1130 3406 ἀοιδοί.
1155 3354 1244 3418 Neque

276 3441 315 3483 eo,
334 3425 379 3476 sed
398 3424 546 3490 simpliciter
564 3425 596 3475 ed
616 3432 718 3474 contum
736 3422 926 3488 rhapsodicum,
949 3424 1072 3475 nubendo
1095 3430 1133 3474 eet
1150 3420 1244 3474 locutio

275 3490 388 3560 ῥάπτειν
406 3491 499 3559 ἀοιδὴν
518 3493 544 3543 in
561 3509 642 3547 verse..
663 3491 776 3543 Hesiodo
799 3492 901 3544 tributis
924 3509 964 3559 ep.
988 3493 1071 3544 Schol.
1095 3491 1169 3542 Pind.
1187 3490 1207 3542 1.
1224 3504 1244 3538 c

277 3559 329 3612 Sed
347 3561 387 3612 hic
404 3561 494 3626 attingi
511 3569 608 3612 tentum
625 3569 733 3627 possunt
749 3561 798 3612 ista
815 3563 909 3612 omniu.
