2694 4116
505 341 718 394 -113—

561 511 663 587 xer.
729 605 731 610 ,

198 667 365 724 Enumerari
384 675 447 722 osto
468 669 642 741 exemplaria,
663 687 779 740 quorum
799 688 897 727 nomen
918 671 1027 729 celebre
1046 673 1101 729 init

118 743 195 814 apud
215 743 411 800 vetustissimos
433 743 642 801 Grammaticos.
674 747 783 817 Quippe
803 749 830 802 in
852 748 905 802 hoo
924 765 1035 805 numero
1050 767 1099 820 po·

118 820 241 876 nendum
260 837 313 874 non
334 827 376 876 est
396 821 573 890 Euripideum
595 823 748 892 quoddam,
775 824 810 879 de
835 841 890 894 quo
912 841 980 879 unus
1001 825 1101 881 Suidss

119 897 286 954 mentionem
307 897 374 952 lacit
393 914 489 966 parum
508 897 723 970 securatamlh:
750 901 873 970 quemvis
900 900 969 956 haee
990 919 1100 972 quoquc

119 989 165 1028 res
185 972 288 1028 habent
308 973 378 1031 hanc
399 974 462 1038 vim,
484 979 514 1028 ut
533 975 592 1029 iure
612 977 765 1046 suspicetur
784 977 891 1046 aliquis,
912 978 993 1047 plura
1012 978 1101 1032 istius-

119 1048 197 1104 modi
223 1049 377 1106 rudimenta
400 1050 508 1105 critices
532 1051 680 1106 admodum
705 1059 809 1106 mature
835 1053 982 1108 obscurata
1008 1054 1101 1111 fuisse.

120 1126 166 1182 Ac
193 1125 216 1178 si
245 1127 335 1182 omnia
358 1127 601 1198 pervestigaveris,
632 1129 746 1182 forsitan
776 1131 858 1183 stiam
887 1129 956 1184 alios
981 1130 1103 1185 invenias

120 1201 312 1256 emendatores
333 1203 460 1272 Homeri,
481 1203 528 1274 qui
548 1204 692 1259 Zenodoto
713 1205 843 1259 traditum
863 1222 880 1259 a
900 1204 987 1259 Snida
1005 1206 1104 1276 priuci-

119 1286 218 1349 patum
240 1286 362 1348 ereptum
388 1286 458 1334 eant.
504 1279 633 1335 Attamen
662 1282 715 1337 hue
741 1281 849 1336 trahere
875 1281 960 1335 nolim
987 1281 1105 1336 Nessum

121 1353 231 1420 Chium,
252 1355 403 1410 Democriti
424 1356 602 1426 discipulum,
629 1358 680 1414 suh
707 1359 784 1413 ouius
808 1359 916 1413 nomine
935 1376 991 1413 una
1011 1358 1105 1413 ohser-

120 1431 198 1486 vatio
219 1430 306 1485 fertur
324 1432 351 1486 in
371 1448 400 1486 re
420 1432 590 1502 metrica⁶¹);
610 1443 659 1488 aut
679 1433 885 1500 Aeschrionem,
905 1453 923 1491 a
943 1451 999 1504 qno
1022 1451 1104 1489 unum

120 1507 269 1562 rectiorem
288 1515 431 1563 accentum
451 1509 666 1579 accepimus⁶²);
687 1518 736 1566 ent
756 1510 903 1582 Lysaniam
924 1509 1104 1582 Cyrenaeum,

121 1584 151 1636 in
172 1581 291 1637 Solrolirs
314 1583 354 1637 his
374 1583 523 1652 laudatum,
545 1585 609 1640 licet
629 1585 661 1653 is,
683 1603 766 1655 quum
785 1586 857 1641 alius
877 1584 1035 1658 Cyrenaeus
1055 1586 1104 1640 illo

121 1659 232 1714 nomine
252 1660 342 1714 nullus
363 1670 444 1714 notus
464 1662 517 1729 sit,
538 1678 603 1716 sane
624 1679 673 1730 pro
694 1661 884 1717 Eratosthenis
904 1664 1035 1730 magistro
1057 1662 1105 1716 ha·

121 1735 230 1790 bendus
250 1735 433 1805 videatur⁶⁸);
454 1739 595 1807 multoque
616 1739 704 1792 minus
725 1739 887 1808 Telephum,
910 1737 961 1792 eoi
980 1737 1105 1792 Philetas

124 1810 289 1882 patrem⁶⁴)‚
317 1818 346 1865 et
372 1813 455 1880 alios,
482 1814 582 1883 quibus
606 1831 640 1868 an
667 1822 741 1869 rente
766 1813 902 1868 tribuatur
927 1811 1107 1868 Grammatioi

126 1905 233 1956 munus,
254 1886 336 1943 hodie
356 1905 410 1944 uon
430 1890 496 1944 satis
516 1890 613 1961 liquet.
654 1890 709 1946 Sed
729 1891 831 1962 ipsum,
853 1906 934 1960 quem
954 1889 1019 1957 dixi,
1041 1889 1106 1944 Phi-

198 2137 231 2203 Μ)
249 2138 334 2189 Etiam
351 2153 443 2204 genero
461 2135 594 2202 loquendi,
615 2138 642 2186 in
660 2135 708 2186 hac
724 2152 752 2186 re
775 2136 879 2187 minime
902 2138 1012 2198 usitato,
1037 2137 1067 2188 Τ.
1091 2139 1112 2188 Ι.

127 2225 154 2272 p.
173 2207 247 2260 ene:
259 2201 413 2272 ’Ἔγραψε
430 2199 479 2264 (Εὐ
500 2201 598 2270 ιπίὸης,
608 2206 661 2254 τοῦ
673 2202 819 2266 προτέρου,
834 2204 945 2255 insertus
958 2223 1014 2256 sum
1028 2205 1111 2264 cuins,

128 2271 305 2339 ἀδελφιδοῦς)
316 2269 458 2341 Ὁμηρικὴν
475 2221 590 2335 grown,
607 2269 679 2340 εἰμὴ
689 2268 745 2338 ἄρα
754 2269 852 2339 ἑτέρου
863 2270 945 2324 ἐστίν.
956 2273 999 2338 [cl.
1009 2271 1111 2324 Boeckh

129 2343 162 2393 de
180 2353 249 2407 trag.
269 2345 312 2392 Gr.
331 2359 355 2407 p·
375 2343 433 2395 226.
452 2341 511 2394 236.
530 2341 597 2406 sqq]
896 2371 901 2384 .

200 2410 233 2472 Μ)
253 2410 293 2460 ed
311 2425 327 2460 t.
346 2411 406 2462 373.
424 2409 450 2458 iu
468 2410 591 2459 rorahulo
610 2407 705 2475 καρός,
723 2415 753 2458 ut
769 2409 820 2458 iarn
839 2408 977 2458 Ruhnken.
990 2408 1016 2457 iu
1029 2407 1112 2458 Praei.

130 2480 163 2529 ad
182 2477 293 2544 Hesyeh.
314 2495 339 2543 p.
357 2476 412 2528 Vll.
432 2477 526 2536 docuit,
546 2477 633 2541 primis
652 2478 736 2525 stetim
750 2477 907 2541 temporibus
919 2477 1114 2540 rarieacoepto.

202 2543 235 2610 θ’)
258 2545 323 2596 Nam
343 2544 511 2595 Aeschriones
537 2546 623 2611 plures
647 2543 751 2594 luerunt
772 2545 843 2596 clari.
880 2543 910 2596 V.
930 2543 1010 2592 lonsii
1035 2543 1067 2592 de
1086 2541 1113 2598 S.

131 2615 166 2666 Η.
185 2613 214 2662 P.
233 2612 264 2663 ll.
283 2631 307 2676 p.
330 2615 382 2666 147.
418 2611 509 2678 Neque
532 2611 615 2664 doceri
640 2620 737 2676 potest,
762 2613 849 2678 illum,
872 2613 917 2678 qui
939 2627 955 2660 a
978 2609 1063 2662 Schol.
1085 2619 1113 2662 ct

132 2685 206 2734 Enst.
224 2682 257 2731 ad
275 2678 297 2731 λ.
317 2682 367 2735 239
395 2680 521 2741 landatur,
539 2679 722 2745 Mitylenaeum
739 2697 810 2739 esse,
833 2681 945 2729 amicum
964 2675 1114 2730 Arismtelis

133 2760 159 2802 et
177 2759 273 2815 patrem
293 2749 418 2816 Lysaniae
436 2749 504 2808 eius,
529 2748 561 2799 de
584 2764 634 2812 quo
658 2763 723 2797 mox.
757 2748 830 2797 Illius
853 2748 1001 2812 scripturam
1025 2743 1081 2808 λῖς,
1100 2765 1116 2798 a

133 2817 265 2870 Brunakio
285 2818 358 2868 Anal.
377 2817 420 2868 lll.
440 2833 464 2881 p.
483 2816 524 2870 85.
545 2826 634 2866 mento
651 2815 790 2882 praelatam
809 2814 926 2880 vulgatae
944 2812 998 2879 λίς,
1021 2814 1047 2864 iu
1065 2831 1116 2866 uno

134 2890 186 2937 isto
205 2886 262 2936 loeo
281 2897 331 2936 tarn
350 2886 395 2934 diu
419 2885 515 2950 fugisse
537 2885 661 2944 editores,
685 2900 746 2932 sane
770 2899 844 2948 quarn
869 2885 959 2932 mirum
982 2891 1029 2932 est.
1064 2882 1117 2933 Sed

135 2955 224 3021 plures
243 2954 267 3002 in
287 2953 398 3003 Homero
417 2963 476 3003 sunt
489 2965 538 3002 tarn
552 2953 671 3018 amiqnse
683 2951 721 3000 rel
734 2953 760 2999 in
775 2951 910 3000 levissimis
922 2950 1116 3015 di-crepentiee.

206 3021 240 3085 ⁶³)
257 3019 329 3072 cont.
350 3023 414 3071 lons.
433 3021 451 3072 l.
471 3036 493 3071 o.
514 3019 611 3070 Scholl.
636 3020 669 3070 ad
692 3034 708 3068 ι.
726 3019 787 3080 3Ί8,
805 3035 831 3068 π.
851 3020 909 3071 558.
933 3018 1019 3082 ibique
1043 3019 1116 3068 Euat.

136 3109 162 3158 p·
183 3091 257 3144 1075.
294 3088 445 3155 Quanquam
469 3087 501 3138 ed
525 3090 634 3153 priorem
659 3093 757 3137 tautum
784 3103 885 3137 versum
909 3102 925 3135 a
949 3087 1031 3152 patria
1054 3101 1117 3150 eog-

136 3161 290 3209 nominator.

206 3225 239 3291 ⁸⁴)
258 3225 331 3275 Certe
349 3240 416 3290 quas
435 3223 468 3274 ad
486 3221 509 3272 d.
529 3223 586 3276 133.
604 3229 630 3270 et
648 3237 671 3270 κ.
689 3223 748 3277 515.
760 3222 888 3287 leguntur,
901 3220 1022 3287 equidem
1033 3219 1117 3285 potius

137 3295 295 3360 Pergameno
315 3292 353 3341 illi
378 3291 550 3340 lirnmmarico
573 3291 769 3355 assignaverim,
793 3290 836 3354 qui
855 3289 950 3339 Rornrm
969 3289 1069 3344 ononis,
1094 3296 1119 3338 et

139 3379 215 3427 qnem
236 3360 333 3410 Fabrio.
353 3378 376 3424 p.
393 3359 452 3415 525.
473 3361 505 3408 ab
524 3359 569 3408 illo
589 3361 652 3406 hene
664 3357 784 3409 distinxit.
813 3356 875 3415 Nee,
887 3374 938 3423 quo
952 3358 1015 3405 illud
1029 3355 1118 3408 Schol.

139 3429 216 3480 ada.
236 3430 294 3481 420.
313 3426 419 3486 referas,
446 3427 521 3476 iscile
539 3425 639 3475 dixeris.
674 3425 815 3475 Dissentire
838 3427 880 3474 hio
903 3433 929 3474 et
950 3424 1012 3473 alibi
1035 3424 1120 3475 licebit

139 3497 267 3549 inter-dnm
285 3513 301 3544 s
321 3496 375 3546 viro
393 3495 549 3557 doctissimo,
568 3495 671 3562 quicum
687 3493 751 3544 mihi
769 3493 886 3545 contenit
904 3494 936 3543 de
960 3491 1041 3544 multo
1058 3509 1119 3560 gra·

140 3567 253 3616 rioribus
272 3565 357 3614 rebus.
554 3570 557 3574 '

192 3665 276 3714 Wolf,
295 3664 465 3716 Prolegomerm.
941 3647 953 3684 ⁸
