2694 4116
500 339 691 392 ..pq-

107 496 199 554 dacie.
237 496 272 552 In
298 513 354 568 quo
379 497 408 552 bi
433 497 543 568 quidem
561 499 727 568 posteriores
746 513 873 568 magnum
892 496 1022 568 quiddam
1041 498 1081 552 vi·

106 573 209 628 dentur
232 573 299 628 mibi
323 573 421 629 iecisse
448 580 476 629 et
499 574 704 630 liberalissimae
727 573 817 644 gentis
841 573 933 628 indole
960 573 1080 645 dignum,

105 650 183 720 quod
204 649 349 706 sanctitate
369 651 440 714 satis
460 651 495 706 ab
517 650 643 706 omnibus
663 658 691 706 et
711 649 913 720 quodammodo
933 667 951 705 a
970 667 1000 706 ee
1013 650 1080 722 ipsis

104 727 212 786 credita
230 744 285 782 non
304 733 368 782 sunt
387 727 519 794 deterriti,
540 727 682 798 nepetam
702 726 941 798 reprehenderent,
961 743 1032 798 quae
1052 728 1080 782 in

104 821 141 858 eo
161 803 308 858 abhorrere
328 811 456 874 putarent
475 819 492 858 a
510 820 576 858 vere
589 804 721 874 sapientie
734 815 763 858 et
775 803 811 860 ab
826 803 936 873 optimis
949 804 1080 864 moribus.

104 880 163 934 Sed
189 897 239 935 nec
258 880 395 950 prioribus
414 882 483 946 illis,
509 881 567 934 sive
591 881 738 952 allegorice
757 888 785 934 et
804 880 957 951 anagogice
975 880 1081 934 somnia

103 973 158 1012 sua
176 957 229 1027 ipsi
249 956 438 1026 crediderunt,
464 959 523 1012 sive
545 957 580 1012 ab
601 957 660 1012 aliis
680 957 812 1012 duntaxat
831 956 907 1011 credi
927 955 1080 1025 voluerunt,

103 1033 206 1088 idonea
233 1033 310 1088 deest
338 1034 487 1089 excusatio.
526 1034 571 1088 lta
595 1033 666 1089 enim
691 1034 761 1088 ratio
786 1039 943 1103 comparata
969 1039 1024 1100 est,
1049 1040 1081 1088 ut

105 1110 197 1177 libris,
219 1127 288 1180 quos
308 1127 326 1164 a
344 1111 446 1164 teneris
465 1111 556 1166 statim
573 1111 649 1165 annis
663 1110 861 1181 cognoscimus,
880 1125 973 1164 omnes
994 1126 1080 1180 prope

104 1193 217 1241 nostras
241 1192 406 1256 nostraeque
432 1188 530 1242 aetatis
557 1188 697 1257 opiniones
721 1186 908 1254 subiiciamus;
934 1202 967 1240 ac
991 1185 1014 1240 si
1040 1186 1080 1240 illi

104 1263 233 1332 populari
249 1280 300 1316 usu
312 1263 367 1316 iem
380 1264 486 1333 pridem
500 1265 651 1319 consecrati
663 1269 735 1331 sunt,
755 1263 815 1333 ipsa
827 1263 919 1317 obstat
930 1262 1080 1330 veneratio,

103 1356 161 1409 quo
183 1339 271 1394 minus
291 1339 371 1394 iniis
391 1341 511 1396 absurda
530 1346 558 1394 et
577 1341 692 1395 ridicula
710 1340 798 1395 inesse
818 1338 969 1394 credamus.
998 1337 1079 1393 Leni·

103 1433 167 1470 mus
188 1433 254 1486 ergo
275 1422 358 1486 atquc
379 1417 448 1472 adeo
470 1434 595 1471 ornamus
620 1416 838 1487 interpretando,
864 1415 996 1486 quidquid
1017 1431 1079 1486 pro-

103 1493 166 1562 prio
187 1509 268 1546 sensu
287 1510 341 1547 non
361 1493 502 1548 terendum
522 1494 644 1562 videtur3
663 1494 747 1565 idque
768 1509 822 1562 quo
843 1493 949 1548 doctius
961 1499 997 1546 -et
1015 1491 1079 1546 sub-

103 1567 180 1622 tilius
194 1568 316 1634 facimus,
338 1587 371 1623 eo
386 1571 538 1640 religiosius
551 1571 641 1626 lacere
654 1571 785 1625 videmur.
820 1569 914 1640 Atque
926 1571 965 1623 ita
978 1569 1080 1624 factum

104 1651 149 1700 oet
164 1645 237 1699 omni
253 1652 374 1715 tempore
387 1645 416 1700 in
429 1647 505 1700 libris
517 1648 560 1715 iis,
575 1647 621 1716 qui
634 1665 685 1717 pro
698 1646 783 1702 sacris
796 1645 882 1700 habiti
896 1653 967 1700 sunt.
995 1643 1077 1715 Quod

103 1721 127 1775 si
147 1721 181 1776 fit
201 1739 235 1777 eo
257 1722 379 1791 consilio,
400 1730 431 1778 ut
451 1723 599 1794 cognitioni
619 1741 713 1778 eorum
733 1740 783 1780 sua
801 1723 904 1778 utilitas
924 1728 1032 1777 constet
1050 1723 1078 1776 in

101 1799 221 1868 vulgus,
247 1799 313 1854 nihil
337 1801 364 1853 in
392 1817 425 1854 eo
445 1800 526 1854 video
545 1800 804 1870 reprehendendum.
843 1799 913 1854 Nam
933 1799 967 1853 ad
987 1815 1079 1853 veram

103 1875 123 1928 i.
145 1892 170 1930 e.
192 1874 349 1929 historicam
370 1876 618 1946 interpretationem
638 1877 733 1947 paucis
752 1876 780 1930 in
799 1875 868 1928 locis
886 1875 1010 1930 revocari
1029 1891 1077 1944 po-

100 1956 160 2006 test
180 1951 267 2004 maior
286 1970 412 2007 numerus
432 1953 630 2008 illiteratorum.
669 1953 766 2023 Neque
790 1951 863 2005 illam
889 1952 956 2006 satis
981 1956 1079 2005 norant

102 2027 274 2082 Graecorum
295 2029 458 2087 doctissimi:
479 2030 599 2100 alioquin
618 2030 767 2084 Homerum
787 2046 864 2082 suum
885 2035 912 2083 et
930 2027 1018 2083 lenius
1036 2027 1076 2082 vi-

100 2112 285 2174 tuperassent,
305 2123 355 2160 nec
376 2114 452 2160 tento
473 2123 606 2162 consensu
626 2107 651 2161 ci
666 2106 784 2160 omnium
797 2105 973 2160 maximarum
986 2120 1076 2160 rerum

101 2180 244 2235 scientiam
264 2182 430 2242 tribuissent.

180 2273 243 2330 Hoc
264 2276 310 2345 qui
330 2277 442 2330 iecerint
462 2283 490 2331 et
510 2277 657 2347 quomodo,
677 2294 726 2346 per
747 2275 836 2330 omnia
855 2275 966 2331 saecula
984 2291 1076 2345 perse-

104 2351 162 2420 qui,
183 2351 329 2421 t'ontesque
350 2361 377 2406 et
397 2354 500 2406 rivulos
514 2353 675 2424 allegoricae
689 2352 920 2423 interpretationis
933 2352 1074 2422 indagare,

100 2429 201 2497 longae
228 2427 358 2482 historiae
384 2431 498 2485 materie
523 2438 573 2486 est.
618 2429 744 2484 Socrates
769 2429 891 2499 quidem,
916 2428 1023 2498 sapiens
1047 2427 1075 2480 in

99 2504 197 2574 primis
218 2505 338 2573 sobrius,
364 2505 437 2560 illam
457 2523 511 2560 uon
531 2507 582 2562 nisi
600 2506 720 2560 ludendo
741 2505 845 2575 attigit3
871 2521 951 2575 quem
977 2503 1076 2558 deinde

100 2581 303 2651 quodammodo
324 2591 434 2637 secutus
459 2590 501 2638 est
520 2583 616 2650 Plato,
641 2583 689 2638 ubi
713 2583 880 2652 populariter
899 2579 1074 2651 philosopha-

99 2655 203 2727 tur²⁵).
248 2655 289 2711 At
313 2659 385 2713 idem
411 2661 438 2712 iu
462 2675 495 2713 eo
521 2675 618 2731 opere,
647 2661 675 2714 in
701 2676 756 2730 quo
781 2675 886 2711 morum
911 2657 1075 2728 optimorum

103 2741 132 2788 et
160 2733 277 2789 civitatis
303 2736 429 2790 omnibus
447 2737 571 2805 partibus
589 2736 727 2806 perfectae
748 2735 885 2805 exemplar
904 2734 1074 2802 deformavit,

103 2811 177 2864 clare
193 2810 335 2881 significat,
356 2813 408 2866 sibi
422 2829 455 2868 ea
467 2829 522 2866 non
535 2813 620 2867 videri
634 2831 698 2868 vere
711 2813 798 2867 inesse
812 2812 838 2865 in
852 2811 983 2879 Homero,
1003 2826 1073 2880 quae

101 2887 255 2956 allegorica
272 2888 326 2942 ista
346 2889 415 2943 ratio
437 2896 593 2948 ostentaret.
633 2891 690 2944 lam
714 2905 797 2960 quum
816 2887 996 2958 philosophus
1015 2887 1073 2953 ille,

100 2963 213 3032 primus,
233 2970 264 3018 ut
280 2965 360 3019 uobis
380 2965 501 3036 videtur,
523 2984 556 3020 ex
574 2967 680 3036 aliquot
699 2965 858 3036 generibus,
881 2964 996 3018 maxime
1016 2978 1073 3017 sce·

100 3040 171 3108 nico,
191 3041 316 3110 poeticae
329 3042 380 3096 arti
393 3049 517 3097 naturam
531 3043 670 3114 affingeret
682 3038 803 3109 μίμησιν,
822 3043 896 3097 leves
916 3047 1006 3095 autem
1026 3055 1073 3108 pa·

99 3122 172 3170 taret
193 3123 220 3170 et
233 3115 319 3172 fluxas
332 3135 375 3172 res
390 3136 458 3187 esse,
477 3119 505 3172 in
520 3121 618 3189 quibus
632 3121 680 3173 illa
692 3114 805 3185 μίμησις
820 3124 982 3184 versaretur,
1003 3117 1072 3184 (sta-

99 3193 234 3247 bilitatem
260 3195 330 3248 enim
358 3201 386 3249 et
405 3197 546 3250 veritatem
566 3196 632 3250 solis
652 3195 720 3250 ideis
740 3195 796 3250 suis
815 3194 975 3263 tribuebat)
1000 3193 1072 3246 hauc

168 3423 202 3490 ²⁶)
219 3425 258 3476 De
276 3425 384 3477 Socrate
402 3427 510 3493 insignis
528 3425 599 3477 locus
618 3425 699 3476 estin
717 3424 835 3491 Xenoph.
852 3423 989 3475 Memorab.
1006 3421 1027 3482 1,
1045 3423 1071 3484 3,

101 3495 124 3547 7.
153 3493 192 3544 Ex
210 3494 317 3544 Platone
335 3495 421 3560 plures
439 3495 527 3545 laudat
544 3493 677 3544 Schowius
694 3495 727 3544 ad
739 3494 866 3544 Heraclid.
878 3493 963 3557 alleg.
975 3508 1000 3557 p.
1012 3491 1071 3544 223.

100 3562 190 3628 quibus
209 3570 308 3630 praeter
324 3565 389 3614 alios
407 3563 501 3614 multos
519 3561 651 3614 addendus
669 3561 857 3616 astelcib.11.
875 3578 899 3627 p·
920 3561 977 3614 147.

890 3663 912 3704 ,.
