2694 4116
489 339 701 393 -159-

99 499 141 553 de
161 497 220 564 his,
248 514 317 568 quos
337 497 462 567 vulgares
482 497 585 553 librarii
604 503 698 552 nostro
718 500 805 555 textui
825 500 970 558 inculcant.
1010 501 1082 558 Nam

102 575 175 646 quid
194 574 256 629 illos
276 573 400 642 afferam,
425 576 472 645 qui
496 575 570 645 apud
590 575 800 647 Hippocratem,
825 578 987 647 Platonem,
1009 578 1082 634 Stra·

100 651 217 718 bouem,
237 650 304 706 alios
324 651 457 722 leguntur,
478 656 608 722 tanquam
628 652 693 706 olim
712 653 775 710 lecti
795 656 821 710 in
842 653 1000 726 ordine⁴⁶)?
1032 655 1083 711 At·

100 897 196 942 oatura
211 888 317 945 luisset,
340 885 362 936 ei
386 902 472 938 omnes
495 885 556 937 olim
579 905 595 937 a
617 887 721 940 Critiois
744 889 854 939 reiectae
876 888 1084 954 interpolationes

102 973 178 1009 nunc
195 964 282 1007 essent
298 955 324 1004 in
343 962 420 1006 textu.
455 957 490 1005 At
511 957 650 1021 quaerebat
673 971 704 1006 ea
722 960 823 1019 poetam
847 956 985 1022 intepretes,
1009 975 1084 1023 quem

102 1043 156 1078 nos
174 1023 332 1090 requirimus.
360 1022 435 1084 Quod
452 1029 536 1073 autem
554 1022 671 1075 librarios
689 1023 784 1089 culpat,
802 1040 866 1090 quos
879 1025 960 1076 diuiti
980 1043 1085 1091 quorum

102 1091 271 1160 temporum?
289 1091 353 1140 Nam
371 1091 431 1141 illae
450 1090 599 1141 omissiones
617 1093 697 1142 multo
722 1100 780 1143 eunt
803 1093 953 1144 vetustiores
975 1093 1085 1145 librariis

103 1169 253 1213 nostrarum
272 1161 482 1218 membranarum,
501 1175 607 1224 quarum
624 1160 695 1210 nulla
719 1159 794 1222 dum,
817 1162 866 1212 etei
889 1161 1001 1228 undique
1024 1178 1084 1212 con-

102 1236 204 1280 tractae
222 1234 290 1286 suut,
308 1243 341 1276 ne
359 1243 438 1276 unum
458 1226 559 1292 quidem
578 1245 678 1280 versum
703 1228 807 1293 protulit
830 1245 937 1289 norum,
960 1246 1035 1296 quem
1058 1232 1085 1280 in
1120 1249 1130 1258 ·

103 1298 256 1349 recensione
274 1293 417 1345 Aristarchi
435 1295 515 1345 fuisse
532 1294 646 1362 locuples
664 1297 734 1346 testis
753 1293 901 1358 confirmat,
924 1297 984 1348 licet
1006 1297 1087 1348 additi

104 1381 198 1415 versus
215 1366 307 1430 partim
325 1363 385 1414 boni
403 1363 461 1422 sint.
480 1363 573 1428 partim
592 1364 743 1416 tolerabiles.
779 1364 844 1415 Nam
866 1365 983 1416 addendo
1007 1369 1086 1416 inter·

110 1433 171 1482 dnm
189 1449 242 1482 non
259 1430 394 1482 infeliciter
411 1432 532 1492 luserunt,
554 1434 659 1496 perinde
676 1440 707 1482 ut
728 1433 830 1500 saepius
853 1443 992 1500 peccarunt
1014 1437 1087 1487 omit·
1191 1479 1193 1488 ,

109 1501 198 1562 tendo,
217 1499 311 1566 singuli
329 1498 354 1550 in
373 1500 492 1566 singulis;
519 1517 569 1550 nou
589 1518 677 1552 omnes
702 1501 734 1551 de
756 1511 895 1568 compacto.
930 1503 968 1553 Ita
992 1521 1086 1562 versus,

108 1586 187 1637 quem
205 1569 283 1620 liam.
301 1585 332 1618 ex
350 1569 520 1619 Grammatico
538 1566 618 1619 infimi
638 1569 693 1620 sevi
709 1570 850 1634 (Herodoto
875 1572 907 1622 de
924 1571 983 1622 Vita
1000 1571 1087 1638 Hom.)

108 1645 171 1706 post
189 1637 246 1692 153.
264 1653 289 1686 a.
309 1635 440 1704 Odysseae
458 1635 566 1696 infersit,
584 1639 693 1688 omissus
711 1639 789 1690 rideri
807 1649 891 1706 potest
909 1640 935 1690 iu
948 1640 1020 1690 codd.
1032 1657 1087 1690 om-

107 1707 188 1759 nibus
206 1705 238 1756 ob
256 1705 376 1772 principii
394 1704 589 1756 similitudinem
607 1723 664 1756 cum
682 1709 796 1772 proximo
802 1726 809 1767 ;
829 1709 873 1774 qui
891 1725 959 1758 error
971 1709 1088 1773 frequen-

108 1775 228 1827 tissimus
246 1780 286 1825 est
303 1775 330 1823 in
348 1770 571 1833 ὁμοιοτελεύτοις,
589 1775 696 1824 maxime
713 1774 740 1824 in
758 1775 833 1826 codd.
852 1775 979 1826 Vindobb.
991 1775 1088 1826 Barne-

108 1845 179 1896 eium
196 1851 283 1893 tamen
301 1841 466 1908 probabiliter
484 1842 672 1908 reprehendunt
688 1841 773 1892 Clark.
792 1851 818 1894 et
828 1843 979 1908 wesseling.
995 1860 1019 1908 p.
1032 1844 1090 1896 756.

109 1913 148 1964 At
165 1928 223 1962 vero
241 1911 319 1962 istum
337 1926 440 1960 versum
458 1928 473 1960 a
490 1910 561 1961 nullo
579 1918 693 1960 veterum
709 1910 745 1961 ibi
764 1910 856 1962 loetum
875 1927 939 1972 esse,
952 1918 1018 1962 teste
1030 1912 1089 1960 vin·

109 1997 171 2031 cam
189 1987 244 2030 tota
261 1979 366 2030 cohorte
384 1979 619 2040 Grammaticorum,
637 1979 680 2044 qni
700 1986 845 2031 constanter
861 1987 886 2030 et
896 1996 948 2029 uno
960 1995 1004 2030 ore
1016 1995 1089 2040 prae-

112 2050 212 2114 cipiunt
236 2047 268 2098 de
293 2046 376 2113 figura
403 2045 601 2114 ἐπαναλήψεως
623 2065 643 2099 ι.
666 2044 850 2113 παλιλλογίαςε
870 2043 926 2097 Ὅτι
949 2046 977 2096 ἐν
1003 2043 1092 2097 Ἰλιάδι

112 2117 239 2184 συνεχῶς
262 2115 324 2172 ταῖς
346 2113 535 2182 ἐπαναλήψεσι
559 2116 703 2184 κέχρηται,
727 2113 754 2166 ἔν
779 2132 812 2165 τε
833 2113 972 2184 ’θδυσσείᾳ
989 2112 1090 2174 ἅπαξ,

112 2201 141 2237 α.
160 2185 203 2238 23.
220 2181 352 2241 Αἰθίοπας
372 2212 401 2220 -
420 2203 443 2236 v.
463 2183 560 2234 Scholl.
579 2195 604 2235 et
621 2185 692 2237 Euat.
711 2184 744 2235 ad
761 2185 792 2235 Il.
812 2183 835 2241 ζ.
857 2186 914 2239 154.
933 2201 956 2236 o.
969 2185 1028 2238 372.
1041 2191 1091 2235 ets.

112 2251 241 2305 Notarunt
258 2251 308 2302 boc
331 2268 433 2318 quoque
450 2252 535 2318 Intpp.
557 2253 584 2302 br
601 2253 767 2304 Aristarcheo
784 2252 895 2304 Homero
919 2252 1012 2303 versati
1035 2251 1092 2301 Ma·

115 2321 242 2373 soretbica
265 2336 335 2380 cura,
359 2329 479 2372 notarunt
502 2321 565 2382 hoe,
581 2321 700 2386 inquam,
727 2323 755 2370 ni
779 2320 862 2381 fallor,
886 2329 990 2387 propter
1012 2317 1094 2376 τοὺς

111 2387 348 2459 χωρίζοντας,
368 2390 412 2456 qui
430 2405 481 2440 non
500 2390 655 2454 spernebant
673 2397 819 2455 argumenta
835 2390 912 2450 talia,
938 2405 1016 2454 quum
1034 2402 1093 2454 gra·

115 2460 390 2580 ttiltltptttta
407 2457 625 2575 3Ὓέἒοῖῗῶῗῆ
648 2454 1095 2576 ’Ᾱῗῗῗίιἳῗέιῗιῗέιιέῗῖἴζῗιῗέὲ

623 2566 629 2577 ·
698 2561 706 2586 s

115 2601 195 2664 poeta
212 2610 259 2645 nos
278 2601 377 2645 mature
394 2593 502 2644 adducat
519 2592 551 2644 ad
569 2592 766 2644 misericordiam
783 2592 900 2654 cantoris,
919 2608 994 2658 quern
1011 2592 1094 2659 impc-

116 2666 164 2716 riis
181 2678 316 2728 procorum
334 2667 451 2714 coactum
469 2663 593 2713 cecinisse
612 2662 690 2712 dicit?
713 2661 832 2721 Scilicet,
851 2655 895 2709 ἵνα
913 2658 993 2728 σωθῇ
1012 2657 1040 2708 ἐν
1060 2655 1096 2728 τῇ

118 2727 359 2850 Μνηθῖὐιηροφοὶνίᾳ,
371 2738 399 2780 ut
415 2730 451 2782 ait
462 2731 499 2781 br.
515 2728 600 2782 Sohol.
615 2730 683 2780 Hem
695 2731 868 2789 oeconomiam
879 2733 971 2794 politae
984 2736 1009 2779 et
1021 2743 1096 2779 nasos

116 2801 171 2853 (ira
228 2815 312 2850 orum.

188 2885 221 2952 ⁴⁸)
239 2885 315 2938 Certe
328 2901 366 2937 ex
388 2885 561 2952 recognitione
583 2885 628 2937 vel
650 2885 734 2952 potins
757 2902 790 2937 ex
813 2885 907 2937 fabrica
924 2883 1096 2942 Callisthenis,

119 2969 197 3019 quem
214 2970 293 3020 snpra
311 2969 370 3005 oum
382 2954 518 3007 Aristotele
535 2954 674 3017 iunximus,
687 2953 805 3005 laudatur
815 2970 902 3005 versus
914 2970 930 3003 a
941 2951 1026 3003 Strab.
1038 2950 1097 3002 ΧΠ.

121 3035 149 3088 p·
167 3021 225 3076 542.
243 3023 325 3088 (817.)
347 3023 375 3074 in
393 3022 519 3090 Catalogo
542 3031 601 3090 post
617 3023 677 3078 362.
696 3023 779 3090 (855.)
805 3017 1046 3082 διεσκευασμένος,
1069 3024 1101 3080 ut

120 3087 239 3154 arbitror,
257 3091 413 3142 oeconomiae
430 3105 519 3153 ceusu,
537 3109 570 3142 ne
588 3091 696 3143 Cicones
714 3092 839 3153 abessent,
852 3080 985 3141 memorab
1001 3103 1025 3138 κ.
1037 3088 1098 3142 429·

118 3165 148 3209 et
165 3174 189 3211 υ.
206 3161 267 3214 329.
291 3159 331 3210 Ae
348 3175 409 3210 sane
428 3177 486 3211 eum
498 3159 621 3226 populum
633 3159 715 3211 omitti
727 3158 886 3210 mirabantur
896 3156 1001 3224 posthac
1011 3153 1099 3222 Iutpp.

120 3221 174 3278 Sed
192 3228 238 3295 qni
255 3234 373 3295 poterant
390 3244 477 3279 omnes
496 3229 658 3295 quaestiones
676 3227 784 3290 solvere,
809 3226 878 3277 bunc
900 3222 1046 3290 scrupulum
1063 3223 1099 3273 le·

119 3295 185 3347 riter
203 3296 355 3359 evellebant,
375 3303 420 3347 aut
437 3295 531 3348 callide
548 3295 717 3348 occultabant.
753 3293 820 3345 Vide
838 3292 933 3345 Soholl.
956 3293 989 3344 ad
1011 3292 1042 3344 Il.
1064 3307 1100 3343 os.

121 3368 149 3412 et
165 3363 238 3415 Euat.
282 3364 365 3420 .359.
400 3363 483 3416 Etiam
505 3364 635 3430 antiquior
657 3379 714 3414 esse
736 3361 836 3414 ridetur
859 3362 926 3414 alius
950 3377 1037 3413 versus
1059 3377 1099 3412 a.

122 3429 210 3487 Strab.
228 3382 300 3484 Xllll.
319 3449 345 3499 p.
364 3431 629 3499 enarratiunculam
642 3431 725 3482 eidem
737 3429 819 3482 Catal.
833 3437 892 3497 post
903 3446 925 3481 r.
937 3429 996 3484 373.
1010 3377 1101 3495 (teob

120 3499 206 3561 Quem
219 3501 286 3551 enim
299 3499 390 3552 Strabo
401 3500 662 3568 προςγεγραμμὲνον
676 3499 738 3550 dicit
750 3497 800 3549 ὑπὸ
813 3500 903 3559 τινῶν,
912 3513 971 3549 eum
981 3497 1100 3548 Eustath.

121 3583 148 3634 p.
166 3570 226 3625 366,
244 3583 276 3618 ex
293 3568 406 3621 Scholiis
424 3569 487 3632 suis,
505 3569 547 3621 hic
564 3569 666 3635 quidem
683 3566 855 3634 plenioribus,
877 3567 910 3618 ad
927 3565 1101 3618 recensionem
