2694 4116
625 314 836 374 -108-

250 475 429 533 Notissimum
448 482 499 544 est,
519 483 651 547 quantum
676 475 832 547 cupiditatis
857 482 885 534 et
910 495 991 534 curae
1015 477 1045 532 bi
1068 493 1148 549 regas
1172 477 1224 532 isn-

250 552 394 624 penderint
411 554 440 608 in
459 553 535 608 illum
559 554 716 609 thesaurum
735 569 827 624 suum,
853 554 1001 610 coemendo
1024 554 1110 610 libros
1137 554 1224 610 unde·

252 645 367 698 cunque,
387 644 420 684 ac
438 629 520 685 modo
541 629 676 700 precibus,
698 647 770 684 nunu
793 631 835 700 vi,
860 649 931 688 nuuc
957 631 1018 687 aliis
1042 629 1131 686 modis
1157 647 1225 686 con·

252 705 383 776 quireudo
393 706 581 778 antiquissima
596 712 624 761 et
632 706 769 763 rarissima
778 708 942 778 exemplaria
956 709 1119 778 scriptorum
1134 705 1223 762 (irae-

252 799 355 836 corum.
394 784 468 854 Ergo
490 783 513 836 si
532 784 604 838 forte
623 782 780 840 Antimacbi
805 784 899 854 heres,
924 785 971 855 qui
991 785 1144 842 Homerum
1170 785 1225 838 cir·
1331 843 1332 848 ἵ

253 859 385 914 cumlerre
405 861 432 914 in
452 860 541 914 animo
561 865 590 914 et
607 877 731 914 nummos
750 861 779 914 in
797 861 894 915 loculis
909 868 1021 928 amaret,
1036 859 1159 917 codicem
1172 861 1226 916 ob·

251 935 352 990 tulerat
375 953 456 990 manu
482 935 645 1007 Colophonii
669 940 767 1006 podiae
788 938 930 1009 „scriptum
957 939 1002 993 vel
1026 937 1136 1008 ingenio
1164 937 1226 992 eius

253 1012 404 1080 elimatum,
434 1013 606 1068 Ptolemaeos
636 1013 710 1068 haud
746 1013 828 1070 dubie
863 1012 1052 1085 cupidissimos
1083 1019 1226 1084 emptores

251 1088 357 1144 hebuit.
397 1089 441 1145 Ita
460 1107 493 1146 ex
512 1090 637 1160 pluribus
656 1089 725 1144 locis
744 1097 772 1145 st
791 1091 904 1146 urbibus
918 1089 1125 1159 Alexandriam,
1139 1090 1226 1145 etiam

252 1165 289 1220 ad
307 1165 439 1235 privatos,
459 1165 599 1236 paullatim
618 1165 778 1222 confluxisse
797 1167 923 1223 videntur
945 1167 1054 1222 codices
1073 1167 1225 1235 Homerici,

252 1242 376 1312 legitima
387 1259 450 1296 mox
463 1243 588 1298 materies
602 1244 757 1299 curiosioris
770 1243 973 1300 emendationis.
1007 1243 1118 1298 Minime
1133 1250 1226 1300 autem

252 1320 350 1372 mirum
374 1325 424 1387 est,
451 1320 474 1374 si
501 1319 534 1375 de
558 1321 651 1375 multis
676 1338 768 1375 sorum
793 1321 860 1374 nihil
884 1320 958 1375 aliud
983 1319 1143 1390 constabat,
1173 1319 1226 1374 nisi

253 1397 325 1451 unde
345 1396 459 1466 quisque
480 1396 561 1450 domo
582 1403 663 1465 esset,
683 1415 752 1465 non,
772 1415 788 1452 a
808 1414 862 1468 quo
888 1405 960 1452 esset
986 1404 1121 1451 exaratus.
1162 1396 1227 1466 Qua

253 1475 282 1528 in
302 1473 469 1528 dubitatione
489 1471 622 1542 praefecti
641 1473 823 1530 bibliothecae
842 1474 871 1528 id
890 1491 973 1529 unum
1001 1472 1104 1529 referre
1129 1480 1227 1543 potue-

254 1557 317 1607 runt
335 1550 363 1604 in
383 1548 522 1618 catalogos
542 1567 616 1618 suos,
636 1550 756 1605 codicem
776 1552 848 1606 hunc
860 1567 894 1605 ex
907 1550 986 1618 Chio,
1000 1550 1077 1603 illum
1090 1548 1226 1616 Massilia,

255 1628 336 1682 alium
361 1625 469 1679 abunde
494 1626 614 1680 allatum.
654 1627 759 1681 Eodem
783 1629 863 1698 plane
888 1627 969 1682 modo
999 1625 1082 1682 tradit
1103 1624 1228 1680 Galenus

255 1703 324 1760 adeo
345 1720 378 1757 ex
397 1701 511 1757 navibus
532 1701 715 1772 Graecorum,
740 1705 788 1774 qui
806 1705 841 1758 ad
861 1703 1021 1775 Aegyptum
1047 1702 1227 1773 appulissent,
1334 1739 1335 1744 κ

255 1780 362 1836 ablatos
387 1796 446 1834 esse
470 1779 545 1850 regio
571 1780 646 1835 iussu
670 1780 770 1848 libros,
798 1781 859 1851 qui,
884 1779 1026 1836 confestim
1059 1778 1228 1849 apographis

255 1856 335 1912 factis
355 1862 383 1910 et
403 1855 437 1910 ad
458 1857 581 1912 dominos
601 1856 734 1925 remissis,
759 1875 789 1913 re
809 1857 872 1912 ositi
897 1863 988 1912 essent
1013 1858 1040 1909 in
1066 1872 1168 1926 magna
1187 1854 1228 1909 bi·

255 1933 394 1988 bliotheca
421 1949 482 1986 cum
507 1934 559 1988 bac
584 1933 767 2004 inscriptione,
834 1925 861 1981 N
873 1925 924 1982 ΕΙ(
938 1925 1074 1982 ΠΛΟῘΩΝ
1089 1930 1136 2002 ⁴⁰).
1177 1930 1228 1986 cci

256 2010 338 2065 titulo
360 2009 425 2079 quid
446 2010 559 2064 similius
579 2018 620 2065 est
641 2028 722 2080 quam
741 2011 793 2078 hic,
815 2029 869 2080 quo
891 2011 1026 2066 editiones
1047 2009 1113 2064 illae
1133 2015 1229 2063 notan-

256 2094 309 2154 tur,
329 2079 366 2135 A!
382 2075 432 2132 EI(
448 2077 597 2146 ΠθΛΕΩΝ,
614 2081 651 2136 ΑΙ
667 2081 736 2136 Allo
755 2079 914 2138 dotted?

335 2179 440 2249 Quodsi
459 2179 511 2234 hae
531 2176 664 2236 editiones
690 2183 739 2236 tali
764 2183 845 2237 modo
873 2181 1096 2248 discernebantur
1122 2179 1158 2234 ab
1187 2179 1228 2246 iis,

258 2274 371 2327 quarum
391 2255 450 2310 noti
470 2263 546 2311 erant
565 2265 699 2326 auctores,
719 2259 825 2313 facilior
845 2259 1009 2314 existimatio
1032 2263 1074 2312 est
1101 2256 1137 2310 de
1165 2273 1228 2310 auc·

257 2333 368 2424 toritate
389 2349 491 2387 aarum.
530 2334 645 2390 Publice
665 2336 740 2390 iussu
759 2335 819 2390 illus
840 2336 926 2391 iactae
949 2352 1007 2390 esse
1034 2333 1078 2389 vel
1105 2337 1227 2388 servatas

289 2520 294 2524 .
301 2516 460 2524 --.a-0..—

286 2668 293 2680 ·
326 2599 361 2657 ⁴⁰)
379 2597 488 2650 illustris
505 2598 579 2650 loeus
598 2607 636 2648 est
653 2599 679 2648 in
697 2597 800 2649 historia
816 2597 993 2678 llippooratiei
1004 2596 1050 2647 lll.
1063 2595 1122 2646 libri
1133 2593 1229 2660 Epida-

259 2683 435 2789 illidet.
449 2667 587 2786 iiiii.
600 2661 1231 2800 ⁰tltsstt²irlltliit⁰initiatae

260 2805 311 2870 τῆς
325 2797 460 2919 differtor)
485 2797 659 2886 llro'lersuios⁸
675 2800 900 2884 adcursu-iosias
923 2799 1019 2866 φασὶν,
1044 2801 1084 2857 ὡς
1106 2797 1149 2849 καὶ
1175 2799 1229 2881 ζῶν

259 2887 348 2922 aaran
365 2885 465 2920 εοντων
484 2869 609 2921 draucos
628 2887 662 2921 τα
678 2867 774 2934 ,troica
790 2868 916 2920 κελευσαι
935 2867 1004 2937 πρὸς
1021 2867 1104 2918 αὐτὸν
1127 2865 1229 2948 source:

261 2936 397 3020 σθαικκαὶ
414 2940 501 3018 casira
518 2938 560 2996 εἰς
575 2937 689 3022 ,καινοὺςᾳ
696 2937 809 3008 gripta<
818 2936 976 3056 Ῑράφρντα,
995 2935 1110 3054 (ἔὲἶόνῶ
1120 2934 1179 3053 ἰὲέν
1196 2951 1231 3052 Ὦ

260 3005 973 3142 ,tittt‘ttss‘ttt'ittt’atttfftttttttit
986 3020 1168 3123 seinaim
1196 3069 1232 3120 a

261 3143 436 3205 κομισθέντα,
454 3141 498 3192 καὶ
516 3140 585 3193 εἶναι
603 3141 653 3203 τὰς
670 3142 823 3211 ἐπιγραφὰς
839 3141 940 3202 αὐτοῖς,
956 3134 1080 3191 lttNEK
1090 3132 1231 3190 ΙΙΛΟΙΩΝ.

255 3208 298 3262 Ἓν
317 3210 392 3262 δέτι
410 3211 531 3262 τοιοῦτόν
550 3227 632 3278 φασιν
650 3212 806 3278 εὑρεθῆναι,
824 3211 868 3263 καὶ
891 3211 922 3262 τὸ
944 3226 960 3259 τ
980 3206 1035 3259 ires
1057 3210 1112 3258 τῶν
1133 3203 1235 3326 damst

261 3282 329 3343 μιῶν
348 3278 423 3344 erpa
440 3277 590 3346 ραμμένυν,
611 3276 682 3332 ΤΩΝ
697 3276 745 3332 ΕΚ
762 3273 902 3342 ΠΛΟΙΩΝ,
920 3272 947 3328 ll
970 3273 1009 3329 TA
1032 3269 1209 3328 ΔΙθΡθΩΤΗ

262 3343 410 3400 ΜΕΜΝΟΝ
447 3343 594 3400 ΣΙΔΙΤΗΜ
613 3350 664 3401 Sed
682 3350 804 3416 legendus
821 3358 860 3400 est
875 3357 943 3399 totus
960 3347 1041 3408 lodus,
1058 3345 1084 3396 iu
1099 3347 1233 3411 primissa

262 3435 329 3484 quae
345 3428 496 3486 sequuntur,
514 3420 605 3485 quibus
624 3419 664 3470 uei
681 3426 741 3468 sunt
758 3419 807 3469 siri
824 3419 892 3470 docti
910 3415 1041 3483 plerique,
1064 3414 1109 3480 qui
1134 3413 1166 3463 de
1192 3414 1232 3462 bi·

263 3486 390 3538 bliotheoa
406 3485 579 3539 Alexandrina
595 3487 756 3553 scripserunt.
