2694 4116
655 336 873 394 -132-

280 496 340 568 ipse
361 491 513 562 φιλόμηρος
531 495 635 568 ruite),
656 501 739 568 etque
752 495 896 568 Epiphnue
915 505 973 554 tum
991 498 1105 555 manime
1120 499 1263 570 imperan-

279 573 352 628 tibus
377 573 500 630 illustris.
544 573 574 628 Is
599 574 747 630 sennodum
773 571 970 630 Callimeohum
997 582 1026 631 at
1043 575 1263 633 Eratosthenem

277 650 403 721 princeps
423 649 553 706 acerrimo
573 650 665 706 studio
686 649 870 720 eognitionem
890 655 1033 722 petitarum
1053 658 1082 707 et
1101 669 1202 708 omnes
1216 653 1260 708 lit·

278 731 351 781 teras
370 726 541 796 antiquitatis
561 726 758 798 amplexus⁸⁸)‚
785 726 820 782 ad
846 729 998 798 exemplum
1024 728 1260 800 philosophorum

279 807 307 856 et
330 802 470 858 rhetorum
496 804 699 874 gramruatioam
725 803 848 859 soholam
871 806 994 874 aperuit,
1022 823 1055 860 ex
1079 823 1136 876 qua
1161 816 1194 861 et
1215 808 1262 862 alii

278 879 417 934 Homerici
436 879 602 950 prodierunt,
625 896 639 934 e
659 879 758 950 quibus
778 879 916 952 hodieque
935 889 991 936 tres
1011 882 1069 937 noti
1089 882 1210 954 sunt⁸⁷),
1235 893 1261 940 et

348 1112 370 1144 ⁸³
399 1111 499 1164 helian.
517 1113 550 1164 V.
569 1110 601 1162 Η.
620 1109 690 1173 XIII,
709 1112 750 1166 m.

347 1179 369 1212 ⁸⁰
399 1179 481 1232 Studii
499 1181 639 1245 pertinenia
656 1179 809 1246 intelligitur
827 1179 938 1230 maxima
955 1179 1034 1231 fuisse
1058 1195 1089 1230 ex
1112 1179 1176 1232 loois
1198 1181 1258 1236 (iio.

279 1251 311 1302 de
329 1250 356 1300 F.
375 1247 404 1302 B.
423 1259 449 1301 et
466 1250 502 1300 Μ.
521 1249 553 1309 V,
573 1249 613 1301 19.
631 1255 657 1298 et
675 1247 793 1298 Varronis
812 1247 844 1298 de
862 1249 892 1298 1..
910 1249 940 1298 1..
959 1248 1002 1299 IV.
1027 1248 1106 1314 prino.
1130 1248 1176 1301 ubi
1196 1251 1258 1302 Ari·

278 1319 395 1385 stephani
414 1317 520 1368 inomao
545 1316 679 1376 tribuitur,
700 1315 776 1366 etiam
802 1333 831 1368 ex
856 1315 964 1367 ridicule
985 1318 1130 1367 narratione
1154 1317 1258 1370 Vitrnv.

277 1389 360 1438 Praei.
380 1385 444 1448 vil„
463 1402 514 1451 qua
530 1399 613 1434 omues
630 1381 705 1434 libros
722 1399 754 1434 eto
771 1383 861 1435 ordino
878 1383 991 1448 quotidie
1002 1400 1101 1434 summo
1112 1383 1256 1451 diligentia

272 1453 409 1520 perlegisse
432 1453 517 1504 fertur.
559 1452 634 1514 Quod
656 1469 730 1502 nemo
755 1453 875 1504 aliorsum
900 1454 970 1518 (nem
994 1453 1115 1519 pinguius
1139 1453 1259 1520 loquitur

274 1523 444 1586 Arohiteotue)
462 1537 539 1588 quem
558 1521 591 1572 ad
609 1521 738 1570 assiduam
756 1519 889 1572 lectionem
906 1520 1072 1572 olaseioorum
1097 1520 1257 1588 scriptorum

274 1590 430 1656 docendique
448 1606 549 1655 operam
567 1589 657 1641 trehet.
692 1589 740 1640 Hie
758 1588 822 1640 mihi
839 1589 865 1638 in
885 1596 994 1640 mentem
1020 1589 1090 1640 uenit
1116 1591 1163 1640 riri
1185 1591 1257 1644 dooti

272 1657 422 1712 ferventiore
437 1657 548 1725 ingenio,
566 1673 639 1724 quem
657 1674 736 1724 nuper
754 1657 854 1717 audivi,
873 1671 952 1722 quum
970 1657 1141 1724 praedioaret,
1165 1660 1257 1711 adole-

274 1725 418 1778 soentulum
437 1743 465 1777 se
482 1733 536 1776 tota
555 1726 638 1776 Biblia
656 1741 730 1776 saera
748 1726 813 1776 inter
831 1725 964 1792 prandium
982 1733 1008 1776 et
1021 1726 1150 1791 potionem
1163 1727 1255 1780 oeldae

273 1795 396 1846 Arabioae
414 1794 546 1862 perlegere
564 1793 667 1846 solitum
687 1809 750 1844 esse.

342 1863 376 1927 ¹⁸⁷}
395 1863 525 1931 Agalliem
543 1862 709 1928 Corcyraeum
727 1859 781 1912 iem'
796 1861 857 1913 nlihi
883 1860 999 1928 produxi.
1035 1861 1097 1912 llius
1123 1863 1254 1916 eondisci-

272 1931 347 1999 pulos
366 1933 484 1982 novimus
503 1930 575 1989 dnos,
594 1931 746 1993 Diodorum,
765 1932 836 1983 ouius
863 1933 949 1996 inepta
972 1933 1093 1980 eorreotio
1112 1929 1208 1997 Odyss.
1229 1933 1254 1984 δ.

274 2000 313 2055 18.
332 1998 394 2049 καθ’
412 1997 513 2056 αὐτοὺς
530 1999 686 2064 improbetur
703 1999 735 2048 ah
753 1997 848 2052 Athen.
866 1996 912 2050 IV.
950 2034 955 2046 ·
985 1997 1041 2052 180.
1066 1999 1092 2047 li.
1120 2009 1144 2048 et
1170 1999 1252 2052 huius
1331 2025 1332 2036 ν

272 2069 450 2133 oompiletore,
475 2068 604 2125 nusum..
628 2068 671 2131 qui
693 2075 718 2117 et
741 2085 766 2132 p.
791 2069 864 2122 1504.
889 2015 1030 2134 Ataelliwpou
1056 2061 1251 2131 Γραμματαὸν

271 2136 369 2196 laudet,
387 2137 420 2187 ab
438 2137 492 2196 illo,
512 2143 631 2203 utputo,
656 2145 682 2186 et
700 2151 737 2194 eo,
756 2137 829 2186 onius
846 2134 933 2186 Sehol.
951 2132 1028 2184 Pind.
1046 2134 1135 2185 lsthm.
1152 2136 1189 2197 11,
1207 2139 1251 2192 54.

271 2204 393 2264 meminit,
412 2221 463 2254 uon
482 2205 614 2266 divorsum,
635 2213 710 2270 atque
729 2203 912 2262 Callistratum,
936 2203 980 2268 qni
1006 2219 1046 2267 ep.
1066 2202 1160 2253 Athen.
1185 2204 1205 2255 l.
1225 2225 1253 2272 p.

270 2275 312 2328 21.
331 2270 360 2322 0.
378 2273 550 2323 Aristarohnm
568 2275 657 2324 neuter
676 2273 791 2339 castigat,
809 2289 859 2323 non
877 2272 909 2320 oh
927 2270 1019 2320 malam
1036 2269 1250 2336 emendationem,

271 2343 317 2393 sed
341 2341 408 2406 qood
430 2344 455 2391 ei
474 2339 585 2404 pellium
609 2339 752 2390 diseederet
777 2339 869 2404 impar.
913 2337 985 2388 Idem
1009 2336 1171 2390 Callistratus
1202 2351 1251 2405 est,

270 2410 342 2460 ouius
360 2408 529 2460 oommenterii
547 2408 608 2459 olim
626 2407 771 2459 ferebantur
787 2407 820 2458 ed
838 2407 985 2465 Homerum,
1005 2405 1150 2469 Pindarum,
1169 2407 1249 2460 Euri-

270 2479 364 2544 pidem,
383 2477 588 2543 Aristophanem,
607 2477 701 2527 leudeti
720 2476 869 2528 Scholiastis
887 2473 978 2525 nostris
997 2482 1023 2524 et
1040 2474 1102 2524 alibi
1119 2483 1146 2525 et
1163 2476 1199 2528 ed
1218 2479 1247 2528 11.

270 2547 297 2597 in
315 2562 360 2596 sex
378 2545 527 2596 lectionibus
545 2545 583 2611 (Γ.
604 2545 643 2598 18.
663 2543 686 2601 ζ.
706 2545 765 2600 434.
787 2559 816 2604 tr.
834 2545 876 2598 25.
899 2559 928 2608 φ.
955 2543 1012 2596 126.
1036 2558 1066 2595 ω.
1091 2543 1150 2597 134.
1174 2545 1247 2612 213.)

270 2613 561 2733 tuttiltzillu
575 2613 809 2732 ‘mortuil
827 2609 1248 2745 ti.‡3i;t'⁰ti⁰3⁶“¹1l⁰¹.:l

269 2747 379 2801 recensio
396 2749 500 2800 affertur
519 2748 548 2798 ἐν
567 2699 629 2806 rol<
642 2746 850 2817 propraetorem.
887 2749 971 2798 Unam
990 2750 1160 2798 oonieotnram
1179 2749 1246 2814 eius,

267 2835 296 2881 μ.
315 2817 355 2872 25.
375 2814 404 2866 ἓν
424 2815 448 2866 δ’
465 2815 549 2885 ἦμαρ,
570 2817 672 2868 deorum
691 2817 796 2868 numine
814 2832 891 2883 quam
909 2815 1020 2865 Homero
1032 2813 1182 2882 digniorem,
1196 2823 1247 2870 etsi

268 2884 432 2949 lenissimam,
451 2894 585 2951 antequam
604 2893 692 2936 uuotor
709 2884 869 2936 callistratus
893 2883 1050 2942 innotuerat,
1074 2899 1104 2933 ex
1121 2882 1246 2938 Mosaioie

268 2954 409 3005 rationibus
427 2954 513 3005 reieoit
531 2953 634 3005 Barnea.
669 2953 755 3004 Aliam
773 2954 850 3003 etiam
867 2951 990 3002 leniorem
1001 2950 1175 3002 ooniooturam
1189 2955 1246 3006 eius

269 3040 290 3074 r.
310 3023 336 3072 in
356 3020 443 3076 Sohol.
463 3023 523 3073 min.
543 3029 568 3073 et
585 3021 658 3072 Eust.
677 3020 710 3072 ad
729 3020 820 3088 Odysa.
839 3036 866 3087 ρ.
883 3020 943 3074 455.
980 3019 1014 3068 At
1037 3025 1067 3068 ut
1089 3019 1165 3087 longe
1189 3022 1245 3073 istis

268 3091 356 3158 peiora
374 3089 473 3151 luserit,
492 3098 629 3156 potuerunt
647 3097 732 3140 tamen
749 3097 775 3140 et
798 3091 852 3139 eins
875 3095 901 3139 et
924 3087 1036 3153 priorum
1060 3085 1167 3139 duorum
1192 3091 1245 3140 elia

267 3158 358 3210 merite
375 3173 431 3209 esse
449 3161 476 3208 in
494 3159 641 3221 Homerum,
660 3174 725 3224 quae
743 3172 811 3207 nuno
828 3155 928 3221 penitus
940 3155 1097 3221 ignorentur.
1124 3156 1244 3209 cetarum

267 3226 336 3294 quod
353 3224 466 3277 eoholom
482 3225 661 3293 Aristophanis
678 3233 800 3291 tanquam
818 3240 910 3275 novum
929 3223 1070 3274 institutum
1088 3239 1244 3277 commemo-

266 3297 329 3355 revi,
347 3311 399 3345 uon
416 3303 478 3360 puto
496 3295 563 3345 idem
582 3295 614 3345 de
631 3293 759 3345 Zenodoto
782 3308 840 3344 vero
863 3292 915 3344 dici
939 3307 1022 3357 posse.
1066 3291 1152 3342 Huius
1175 3295 1244 3344 enim

267 3362 401 3429 disciplina
420 3378 546 3428 nusquam
563 3362 693 3424 landatur,
717 3378 764 3413 neo
786 3362 922 3428 quisquam
941 3355 1122 3427 Ζηνοδότειος
1139 3361 1243 3428 proprio

266 3431 378 3491 nomine,
397 3430 447 3480 nisi
468 3436 532 3481 torte
551 3431 601 3481 huo
623 3430 715 3482 referre
737 3430 799 3480 velis
822 3429 957 3495 aliquoties
982 3428 1008 3478 iu
1025 3423 1138 3478 Soholiis
1162 3428 1242 3480 dirtos

267 3495 332 3555 τοὺς
349 3496 414 3565 περὶ
432 3493 592 3566 Ζηνόδοτον,
611 3506 682 3566 utp.
702 3499 760 3554 452.
785 3515 808 3549 ο.
831 3497 873 3552 86.
910 3495 962 3548 Sed
985 3496 1049 3547 heeo
1071 3493 1180 3547 formula
1200 3498 1241 3550 lo·

264 3566 362 3633 quendi
380 3567 464 3631 potius
484 3567 678 3634 adstipulatores
696 3565 829 3632 signifieat
846 3580 923 3631 quam
940 3572 1086 3616 sentatores.
1121 3562 1177 3616 flos
1196 3581 1241 3633 ap·
