2702 4124
188 732 243 787 Hic
262 749 374 804 prorsus
394 733 473 788 obliti
493 733 592 788 scrinia
610 738 705 787 nostra
724 738 752 788 et
773 731 961 800 bibliothecas,
982 733 1080 804 quibus

102 825 180 864 nunc
205 810 357 865 studiorum
382 811 571 866 immortalitas
596 815 717 876 constat,
743 811 941 864 transvolemus
965 808 1028 864 hinc
1052 810 1081 864 in

101 886 163 940 alia
182 892 306 956 tempora
326 893 353 942 et
372 887 399 941 in
419 887 501 941 alium
522 887 616 941 orbem
635 903 732 954 rerum,
753 887 801 942 ubi
814 891 857 940 tot
869 886 988 954 inventa,
1010 903 1080 957 quae

102 955 186 1018 ri'obis
206 963 386 1018 videaturad
409 965 488 1018 beate
508 964 654 1019 vivendum
672 963 825 1018 necessaria
844 978 914 1031 esse,
938 979 954 1015 a
974 963 1080 1031 sapian-

103 1039 181 1094 tibus
202 1040 326 1095 omnibus
348 1047 376 1095 et
401 1041 490 1094 stultis
514 1040 718 1112 ignorabantur.
758 1039 850 1110 Quid?
876 1039 949 1108 quod
974 1055 1008 1094 ne
1031 1055 1079 1092 no-

101 1116 185 1170 minis
210 1117 319 1186 quidem
344 1117 533 1172 immortalitas
559 1123 617 1171 tum
642 1133 796 1187 quenquam
819 1117 957 1185 impellere
977 1115 1078 1184 potuit,

103 1197 137 1246 ut
163 1193 188 1246 ei
215 1193 352 1248 duraturis
377 1193 557 1248 monumentis
583 1194 764 1265 prospiceret3
789 1193 871 1262 idque
898 1193 932 1246 de
957 1193 1078 1246 Homero

102 1267 227 1338 credere,
248 1276 343 1339 optare
364 1275 413 1338 eet,
434 1287 488 1324 non
507 1270 588 1324 fidem
608 1270 707 1325 facere.
733 1269 804 1325 Nam
823 1270 870 1324 ubi
889 1269 912 1323 is
926 1270 975 1323 tali
987 1267 1078 1322 studio

102 1361 134 1400 se
155 1351 249 1400 tenere
269 1345 427 1417 significat?
446 1347 493 1401 ubi
506 1347 703 1417 professionem
716 1346 858 1413 eiusmodi,
879 1347 975 1401 ceteris
988 1345 1078 1414 poetis
1156 1378 1160 1389 ·

101 1427 160 1476 tam
186 1421 368 1492 frequentem,
401 1423 471 1490 edit,
498 1430 545 1477 aut
570 1424 668 1477 callide
694 1421 867 1477 dissimulat?
907 1421 1078 1477 Carminibus

102 1497 215 1568 quidem
235 1499 340 1553 scelera
360 1505 387 1554 et
406 1501 549 1569 praeclara
567 1499 690 1554 facinora
708 1500 795 1554 famae
814 1500 884 1554 tradi
904 1516 986 1569 saepe
999 1515 1077 1568 prae-

103 1575 192 1642 dicat,
218 1581 247 1629 at
266 1575 338 1630 idem
361 1576 538 1629 novissimum
563 1574 678 1631 Carmen
703 1577 738 1630 ab
764 1575 937 1630 audientibus
961 1576 1076 1630 maxime

102 1651 237 1706 celebrari
256 1651 410 1722 fateturll).
454 1651 570 1708 Omnino
597 1659 687 1706 autern
711 1654 777 1707 eatis
801 1652 896 1706 habuit
919 1653 965 1706 illa
991 1659 1076 1720 aetas,

101 1727 182 1797 quasi
201 1727 252 1782 sub
279 1729 384 1783 nutrice
409 1729 528 1783 ludendo
536 1727 572 1798 ⁵⁷)
599 1735 626 1784 et
652 1729 735 1783 divini
760 1724 860 1799 in'geuii
885 1730 1015 1798 impetum
1034 1745 1076 1782 se-

101 1803 222 1874 quendo,
241 1821 285 1859 res
304 1805 498 1875 pulcherrimae
519 1806 635 1875 experiri
647 1812 675 1860 et
688 1806 722 1858 ad
737 1806 853 1859 aliorum
866 1805 1075 1859 oblectationem

99 1881 231 1951 prodere:
250 1882 401 1936 mercedem
421 1883 443 1936 si
464 1899 545 1953 quam
564 1882 652 1951 petiit,
672 1881 783 1950 plausus
796 1881 848 1935 fuit
862 1887 890 1934 et
902 1881 961 1934 laus
976 1897 1075 1950 aequa·

99 1957 165 2010 lium
192 1957 360 2026 auditorum,
390 1960 523 2029 praemia,
554 1960 576 2012 si
603 1959 690 2027 politis
720 1957 869 2025 credimus,
899 1957 1072 2028 amplissima,

99 2033 237 2104 longeque
258 2035 379 2106 gratiora
405 2051 560 2107 papyraceo
586 2035 798 2090 immortalitate.
838 2033 946 2089 Etenim
974 2041 1075 2104 quanta

100 2110 281 2166 admiratione
301 2117 359 2165 tum
380 2119 408 2166 et
428 2113 479 2184 ipsi
499 2118 576 2166 vates
598 2117 625 2166 et
645 2116 739 2165 cantus
760 2128 853 2166 eorum
880 2111 986 2180 excepti
1012 2111 1074 2179 sint,

100 2193 217 2257 apparet
235 2188 335 2257 partim
356 2205 390 2242 ex
409 2189 441 2242 iis
461 2189 529 2243 locis
548 2188 686 2242 Homerici
708 2187 848 2256 Carminis,
868 2188 915 2244 ubi
935 2187 1074 2256 Phemius,

101 2269 129 2316 et
148 2263 326 2318 Demodocus
346 2272 473 2320 canentes
487 2264 702 2336 inducunturffl),
722 2265 821 2335 partim
835 2280 867 2320 ex
880 2265 1073 2318 iucundissimo

100 2337 147 2393 illo
166 2356 291 2395 sermone
312 2341 444 2411 Platonis,
466 2343 492 2396 in
513 2359 567 2413 quo
588 2341 621 2395 Io
642 2341 793 2411 rhapsodus
812 2359 909 2394 munus
923 2346 952 2394 et
965 2355 1074 2394 scenam

100 2431 177 2469 suam
199 2416 337 2471 describit.
364 2418 436 2473 Nam
455 2419 525 2473 sicut
544 2419 589 2473 hic
609 2425 667 2472 arte
687 2418 804 2488 quadam
818 2418 924 2472 efficere
939 2435 968 2472 se
982 2419 1073 2483 iactat,

100 2498 131 2545 ut
150 2498 212 2546 tota
231 2492 339 2548 theatra
360 2512 525 2565 quocunque
546 2495 646 2549 affectu
665 2495 795 2564 feruutur,
815 2501 846 2548 ut
866 2510 936 2547 nunc
949 2494 1073 2548 lacrimas

101 2568 231 2637 fundant,
257 2587 328 2623 nunc
354 2571 440 2624 torvis
467 2571 552 2625 oculis
577 2572 814 2641 circumspectant,
843 2588 914 2625 nuuc
938 2569 1073 2640 'gaudium

100 2644 220 2715 prodant
239 2645 375 2716 vultu⁶⁹);
400 2647 441 2700 ita
465 2647 519 2701 hoo
537 2649 623 2701 multo
642 2648 728 2718 magis
754 2653 782 2700 et
806 2653 919 2701 naturae
943 2645 1072 2718 propiore

99 2727 158 2776 arte
186 2722 313 2776 effectum
339 2735 380 2777 est
406 2741 422 2776 a
446 2724 555 2778 vatibus
579 2724 654 2793 ipsis.
699 2723 753 2778 Sed
779 2741 861 2794 quum
885 2723 942 2778 fere
973 2721 1071 2785 omnia,

99 2814 169 2868 quae
190 2798 224 2853 de
244 2799 387 2868 rhapsodis
407 2801 569 2872 accepimus,
590 2800 734 2870 plurimum
755 2799 895 2856 conferant
915 2800 951 2855 ad
971 2815 1071 2870 cogno-

168 2978 202 3044 ”)
221 2977 313 3044 Odyss.
332 2993 357 3027 α.
374 2977 434 3033 351.

166 3065 199 3129 ³⁷)
219 3063 292 3117 Cous.
311 3059 426 3130 egregios
444 3079 533 3114 versus
550 3063 612 3113 Hor.
631 3061 711 3130 Epist.
729 3062 761 3126 11,
783 3067 805 3127 l,
830 3063 871 3118 93.
890 3081 943 3130 sqq.
962 3063 987 3114 in
1006 3078 1070 3130 quos

19 3149 20 3152 ’
100 3133 277 3184 commentarii
297 3149 372 3182 usum
395 3133 500 3198 praebet
518 3132 676 3197 sagacissimi
702 3132 787 3184 Garrii
804 3131 877 3197 Disp.
895 3129 1072 3196 Betracbtuuy

99 3201 196 3268 einiger
216 3197 465 3250 Verecbt'cdenlreiteu
482 3201 511 3250 io
529 3200 580 3249 den
597 3198 702 3248 Werlten
719 3199 765 3250 der
783 3201 887 3250 dlteaten
905 3199 962 3250 und
973 3214 1070 3250 acuero

98 3267 289 3330 &brustemium
307 3269 417 3334 repetita
433 3268 459 3318 in
478 3267 635 3319 collectione
653 3266 721 3333 Lips.
742 3270 816 3323 1779.

166 3353 199 3422 ¹⁴⁸)
219 3353 314 3420 Odyss.
332 3369 357 3404 a.
375 3355 435 3409 326.
454 3371 511 3420 sqq.
528 3352 556 3404 θ.
576 3355 617 3408 62.
636 3370 691 3420 sqq.
710 3371 738 3421 μ.
757 3355 817 3410 518.
836 3372 891 3422 sqq.
909 3363 959 3406 etc.

165 3441 200 3506 ι0)
223 3433 349 3506 Κοθορῶ
371 3437 503 3490 ἑκάστοτε
532 3437 634 3496 αὐτοὺς
656 3434 763 3489 ἄνωθεν
794 3439 846 3490 ἀπὸ
874 3442 923 3490 τοῦ
943 3439 1070 3508 βήματος

100 3505 242 3565 κλοίοντάς
264 3523 296 3557 τε
318 3505 362 3558 καὶ
386 3506 473 3558 δεινὸν
498 3505 687 3572 ἐμβλέποντας
703 3505 747 3558 aul
764 3508 992 3574 σονθομβοῦντος
1009 3510 1070 3568 τοῖς

100 3573 263 3643 λεγομένοις.
279 3575 342 3644 Peg.
360 3577 419 3632 535.
436 3577 466 3629 lt.
485 3586 512 3629 et
528 3576 591 3628 alibi
608 3577 635 3629 iu
653 3593 683 3628 eo
700 3576 770 3628 Dial.
